Time,Bid,Ask,Volume
2026.01.25 23:01:57,5019.847,5020.007,0
2026.01.25 23:01:57,5019.875,5020.035,0
2026.01.25 23:01:57,5019.936,5020.096,0
2026.01.25 23:01:57,5019.893,5020.053,0
2026.01.25 23:01:57,5019.989,5020.149,0
2026.01.25 23:01:57,5019.892,5020.052,0
2026.01.25 23:01:57,5019.846,5020.006,0
2026.01.25 23:01:57,5019.812,5019.972,0
2026.01.25 23:01:57,5019.766,5019.926,0
2026.01.25 23:01:57,5019.732,5019.892,0
2026.01.25 23:01:57,5019.618,5019.778,0
2026.01.25 23:01:57,5019.654,5019.814,0
2026.01.25 23:01:57,5019.598,5019.758,0
2026.01.25 23:01:57,5019.567,5019.727,0
2026.01.25 23:01:58,5019.497,5019.657,0
2026.01.25 23:01:58,5019.440,5019.600,0
2026.01.25 23:01:58,5019.415,5019.575,0
2026.01.25 23:01:58,5019.376,5019.536,0
2026.01.25 23:01:58,5019.351,5019.511,0
2026.01.25 23:01:58,5019.552,5019.712,0
2026.01.25 23:01:58,5019.683,5019.843,0
2026.01.25 23:01:58,5019.733,5019.893,0
2026.01.25 23:01:58,5019.760,5019.920,0
2026.01.25 23:01:58,5019.785,5019.945,0
2026.01.25 23:01:58,5019.818,5019.978,0
2026.01.25 23:01:58,5019.956,5020.116,0
2026.01.25 23:01:58,5020.281,5020.441,0
2026.01.25 23:01:58,5020.372,5020.532,0
2026.01.25 23:01:58,5020.325,5020.485,0
2026.01.25 23:01:58,5020.286,5020.446,0
2026.01.25 23:01:58,5020.186,5020.346,0
2026.01.25 23:01:58,5020.152,5020.312,0
2026.01.25 23:01:58,5020.069,5020.229,0
2026.01.25 23:01:58,5020.024,5020.184,0
2026.01.25 23:01:58,5019.966,5020.126,0
2026.01.25 23:01:58,5019.890,5020.050,0
2026.01.25 23:01:58,5019.861,5020.021,0
2026.01.25 23:01:58,5019.824,5019.984,0
2026.01.25 23:01:58,5019.788,5019.948,0
2026.01.25 23:01:58,5019.763,5019.923,0
2026.01.25 23:01:59,5019.738,5019.898,0
2026.01.25 23:01:59,5019.707,5019.867,0
2026.01.25 23:01:59,5019.675,5019.835,0
2026.01.25 23:01:59,5019.646,5019.806,0
2026.01.25 23:01:59,5019.614,5019.774,0
2026.01.25 23:01:59,5019.576,5019.736,0
2026.01.25 23:01:59,5019.546,5019.706,0
2026.01.25 23:01:59,5019.515,5019.675,0
2026.01.25 23:01:59,5019.486,5019.646,0
2026.01.25 23:01:59,5019.454,5019.614,0
2026.01.25 23:01:59,5019.415,5019.575,0
2026.01.25 23:01:59,5019.375,5019.535,0
2026.01.25 23:01:59,5019.351,5019.511,0
2026.01.25 23:01:59,5019.387,5019.547,0
2026.01.25 23:01:59,5019.469,5019.629,0
2026.01.25 23:01:59,5019.508,5019.668,0
2026.01.25 23:01:59,5019.544,5019.704,0
2026.01.25 23:01:59,5019.604,5019.764,0
2026.01.25 23:01:59,5019.642,5019.802,0
2026.01.25 23:02:00,5019.681,5019.841,0
2026.01.25 23:02:00,5019.633,5019.793,0
2026.01.25 23:02:00,5019.585,5019.745,0
2026.01.25 23:02:00,5019.547,5019.707,0
2026.01.25 23:02:00,5019.451,5019.611,0
2026.01.25 23:02:00,5019.059,5019.219,0
2026.01.25 23:02:00,5018.977,5019.137,0
2026.01.25 23:02:00,5018.953,5019.113,0
2026.01.25 23:02:00,5018.984,5019.144,0
2026.01.25 23:02:00,5019.019,5019.179,0
2026.01.25 23:02:00,5018.993,5019.153,0
2026.01.25 23:02:00,5019.026,5019.186,0
2026.01.25 23:02:00,5019.087,5019.247,0
2026.01.25 23:02:00,5019.151,5019.311,0
2026.01.25 23:02:00,5019.191,5019.351,0
2026.01.25 23:02:00,5019.242,5019.402,0
2026.01.25 23:02:00,5019.282,5019.442,0
2026.01.25 23:02:00,5019.316,5019.476,0
2026.01.25 23:02:00,5019.344,5019.504,0
2026.01.25 23:02:00,5019.392,5019.552,0
2026.01.25 23:02:00,5019.433,5019.593,0
2026.01.25 23:02:00,5019.467,5019.627,0
2026.01.25 23:02:00,5019.502,5019.662,0
2026.01.25 23:02:00,5019.537,5019.697,0
2026.01.25 23:02:00,5019.564,5019.724,0
2026.01.25 23:02:00,5019.599,5019.759,0
2026.01.25 23:02:00,5019.637,5019.797,0
2026.01.25 23:02:00,5019.661,5019.821,0
2026.01.25 23:02:00,5019.700,5019.860,0
2026.01.25 23:02:00,5019.726,5019.886,0
2026.01.25 23:02:00,5019.804,5019.964,0
2026.01.25 23:02:00,5019.878,5020.038,0
2026.01.25 23:02:00,5019.930,5020.090,0
2026.01.25 23:02:00,5019.962,5020.122,0
2026.01.25 23:02:01,5019.987,5020.147,0
2026.01.25 23:02:01,5020.034,5020.194,0
2026.01.25 23:02:01,5020.086,5020.246,0
2026.01.25 23:02:01,5020.117,5020.277,0
2026.01.25 23:02:01,5020.156,5020.316,0
2026.01.25 23:02:01,5020.192,5020.352,0
2026.01.25 23:02:01,5020.217,5020.377,0
2026.01.25 23:02:01,5020.246,5020.406,0
2026.01.25 23:02:01,5020.271,5020.431,0
2026.01.25 23:02:01,5020.300,5020.460,0
2026.01.25 23:02:01,5020.327,5020.487,0
2026.01.25 23:02:01,5020.294,5020.454,0
2026.01.25 23:02:01,5020.245,5020.405,0
2026.01.25 23:02:01,5020.193,5020.353,0
2026.01.25 23:02:02,5020.256,5020.416,0
2026.01.25 23:02:02,5020.293,5020.453,0
2026.01.25 23:02:02,5020.323,5020.483,0
2026.01.25 23:02:02,5020.374,5020.534,0
2026.01.25 23:02:02,5020.433,5020.593,0
2026.01.25 23:02:02,5020.529,5020.689,0
2026.01.25 23:02:02,5020.594,5020.754,0
2026.01.25 23:02:02,5020.619,5020.779,0
2026.01.25 23:02:02,5020.592,5020.752,0
2026.01.25 23:02:02,5020.498,5020.658,0
2026.01.25 23:02:02,5020.453,5020.613,0
2026.01.25 23:02:02,5020.414,5020.574,0
2026.01.25 23:02:02,5020.368,5020.528,0
2026.01.25 23:02:02,5020.329,5020.489,0
2026.01.25 23:02:02,5020.293,5020.453,0
2026.01.25 23:02:02,5020.253,5020.413,0
2026.01.25 23:02:02,5020.223,5020.383,0
2026.01.25 23:02:02,5020.176,5020.336,0
2026.01.25 23:02:02,5020.126,5020.286,0
2026.01.25 23:02:02,5020.101,5020.261,0
2026.01.25 23:02:02,5020.073,5020.233,0
2026.01.25 23:02:02,5020.049,5020.209,0
2026.01.25 23:02:02,5020.023,5020.183,0
2026.01.25 23:02:02,5019.991,5020.151,0
2026.01.25 23:02:02,5019.962,5020.122,0
2026.01.25 23:02:03,5019.928,5020.088,0
2026.01.25 23:02:03,5019.966,5020.126,0
2026.01.25 23:02:03,5020.024,5020.184,0
2026.01.25 23:02:03,5020.076,5020.236,0
2026.01.25 23:02:03,5020.129,5020.289,0
2026.01.25 23:02:03,5020.163,5020.323,0
2026.01.25 23:02:03,5020.226,5020.386,0
2026.01.25 23:02:03,5020.311,5020.471,0
2026.01.25 23:02:03,5020.348,5020.508,0
2026.01.25 23:02:03,5020.380,5020.540,0
2026.01.25 23:02:03,5020.417,5020.577,0
2026.01.25 23:02:03,5020.448,5020.608,0
2026.01.25 23:02:03,5020.398,5020.558,0
2026.01.25 23:02:03,5020.316,5020.476,0
2026.01.25 23:02:03,5020.127,5020.287,0
2026.01.25 23:02:03,5019.999,5020.159,0
2026.01.25 23:02:03,5019.955,5020.115,0
2026.01.25 23:02:03,5019.848,5020.008,0
2026.01.25 23:02:03,5019.746,5019.906,0
2026.01.25 23:02:03,5019.703,5019.863,0
2026.01.25 23:02:03,5019.678,5019.838,0
2026.01.25 23:02:03,5019.651,5019.811,0
2026.01.25 23:02:04,5019.626,5019.786,0
2026.01.25 23:02:04,5019.580,5019.740,0
2026.01.25 23:02:04,5019.552,5019.712,0
2026.01.25 23:02:04,5019.496,5019.656,0
2026.01.25 23:02:04,5019.419,5019.579,0
2026.01.25 23:02:04,5019.372,5019.532,0
2026.01.25 23:02:04,5019.344,5019.504,0
2026.01.25 23:02:04,5019.301,5019.461,0
2026.01.25 23:02:04,5019.274,5019.434,0
2026.01.25 23:02:04,5019.249,5019.409,0
2026.01.25 23:02:04,5019.221,5019.381,0
2026.01.25 23:02:04,5019.167,5019.327,0
2026.01.25 23:02:04,5019.140,5019.300,0
2026.01.25 23:02:04,5019.110,5019.270,0
2026.01.25 23:02:04,5019.135,5019.295,0
2026.01.25 23:02:04,5019.217,5019.377,0
2026.01.25 23:02:04,5019.339,5019.499,0
2026.01.25 23:02:04,5019.380,5019.540,0
2026.01.25 23:02:04,5019.420,5019.580,0
2026.01.25 23:02:04,5019.457,5019.617,0
2026.01.25 23:02:04,5019.489,5019.649,0
2026.01.25 23:02:04,5019.519,5019.679,0
2026.01.25 23:02:04,5019.559,5019.719,0
2026.01.25 23:02:05,5019.586,5019.746,0
2026.01.25 23:02:05,5019.627,5019.787,0
2026.01.25 23:02:05,5019.661,5019.821,0
2026.01.25 23:02:05,5019.692,5019.852,0
2026.01.25 23:02:05,5019.726,5019.886,0
2026.01.25 23:02:05,5019.759,5019.919,0
2026.01.25 23:02:05,5019.784,5019.944,0
2026.01.25 23:02:05,5019.810,5019.970,0
2026.01.25 23:02:05,5019.835,5019.995,0
2026.01.25 23:02:05,5019.875,5020.035,0
2026.01.25 23:02:05,5019.935,5020.095,0
2026.01.25 23:02:05,5019.973,5020.133,0
2026.01.25 23:02:05,5020.002,5020.162,0
2026.01.25 23:02:05,5020.066,5020.226,0
2026.01.25 23:02:05,5020.114,5020.274,0
2026.01.25 23:02:05,5020.174,5020.334,0
2026.01.25 23:02:05,5020.212,5020.372,0
2026.01.25 23:02:05,5020.237,5020.397,0
2026.01.25 23:02:05,5020.268,5020.428,0
2026.01.25 23:02:05,5020.299,5020.459,0
2026.01.25 23:02:06,5020.331,5020.491,0
2026.01.25 23:02:06,5020.359,5020.519,0
2026.01.25 23:02:06,5020.384,5020.544,0
2026.01.25 23:02:06,5020.414,5020.574,0
2026.01.25 23:02:06,5020.441,5020.601,0
2026.01.25 23:02:06,5020.383,5020.543,0
2026.01.25 23:02:06,5020.318,5020.478,0
2026.01.25 23:02:06,5020.272,5020.432,0
2026.01.25 23:02:06,5020.209,5020.369,0
2026.01.25 23:02:06,5020.173,5020.333,0
2026.01.25 23:02:06,5020.096,5020.256,0
2026.01.25 23:02:06,5020.034,5020.194,0
2026.01.25 23:02:06,5019.997,5020.157,0
2026.01.25 23:02:06,5019.965,5020.125,0
2026.01.25 23:02:06,5019.939,5020.099,0
2026.01.25 23:02:06,5019.912,5020.072,0
2026.01.25 23:02:06,5019.884,5020.044,0
2026.01.25 23:02:06,5019.844,5020.004,0
2026.01.25 23:02:06,5019.761,5019.921,0
2026.01.25 23:02:06,5019.727,5019.887,0
2026.01.25 23:02:06,5019.701,5019.861,0
2026.01.25 23:02:06,5019.668,5019.828,0
2026.01.25 23:02:06,5019.711,5019.871,0
2026.01.25 23:02:06,5019.759,5019.919,0
2026.01.25 23:02:06,5019.842,5020.002,0
2026.01.25 23:02:06,5019.780,5019.940,0
2026.01.25 23:02:06,5019.741,5019.901,0
2026.01.25 23:02:07,5019.708,5019.868,0
2026.01.25 23:02:07,5019.773,5019.933,0
2026.01.25 23:02:07,5019.814,5019.974,0
2026.01.25 23:02:07,5019.857,5020.017,0
2026.01.25 23:02:07,5019.892,5020.052,0
2026.01.25 23:02:07,5019.923,5020.083,0
2026.01.25 23:02:07,5019.853,5020.013,0
2026.01.25 23:02:07,5019.778,5019.938,0
2026.01.25 23:02:07,5019.730,5019.890,0
2026.01.25 23:02:07,5019.505,5019.665,0
2026.01.25 23:02:07,5019.087,5019.247,0
2026.01.25 23:02:07,5018.993,5019.153,0
2026.01.25 23:02:07,5018.918,5019.078,0
2026.01.25 23:02:07,5018.838,5018.998,0
2026.01.25 23:02:07,5018.721,5018.881,0
2026.01.25 23:02:07,5018.572,5018.732,0
2026.01.25 23:02:07,5018.540,5018.700,0
2026.01.25 23:02:07,5018.565,5018.725,0
2026.01.25 23:02:07,5018.609,5018.769,0
2026.01.25 23:02:07,5018.641,5018.801,0
2026.01.25 23:02:07,5018.948,5019.108,0
2026.01.25 23:02:07,5019.167,5019.327,0
2026.01.25 23:02:07,5019.521,5019.681,0
2026.01.25 23:02:07,5019.586,5019.746,0
2026.01.25 23:02:07,5019.669,5019.829,0
2026.01.25 23:02:07,5019.711,5019.871,0
2026.01.25 23:02:07,5019.749,5019.909,0
2026.01.25 23:02:07,5019.774,5019.934,0
2026.01.25 23:02:07,5019.741,5019.901,0
2026.01.25 23:02:07,5019.715,5019.875,0
2026.01.25 23:02:07,5019.678,5019.838,0
2026.01.25 23:02:08,5019.619,5019.779,0
2026.01.25 23:02:08,5019.568,5019.728,0
2026.01.25 23:02:08,5019.525,5019.685,0
2026.01.25 23:02:08,5019.480,5019.640,0
2026.01.25 23:02:08,5019.446,5019.606,0
2026.01.25 23:02:08,5019.407,5019.567,0
2026.01.25 23:02:08,5019.379,5019.539,0
2026.01.25 23:02:08,5019.337,5019.497,0
2026.01.25 23:02:08,5019.309,5019.469,0
2026.01.25 23:02:08,5019.260,5019.420,0
2026.01.25 23:02:08,5019.198,5019.358,0
2026.01.25 23:02:08,5019.143,5019.303,0
2026.01.25 23:02:08,5019.108,5019.268,0
2026.01.25 23:02:08,5019.083,5019.243,0
2026.01.25 23:02:08,5019.130,5019.290,0
2026.01.25 23:02:08,5019.180,5019.340,0
2026.01.25 23:02:08,5019.242,5019.402,0
2026.01.25 23:02:08,5019.290,5019.450,0
2026.01.25 23:02:08,5019.333,5019.493,0
2026.01.25 23:02:08,5019.412,5019.572,0
2026.01.25 23:02:08,5019.503,5019.663,0
2026.01.25 23:02:08,5019.540,5019.700,0
2026.01.25 23:02:08,5019.582,5019.742,0
2026.01.25 23:02:08,5019.609,5019.769,0
2026.01.25 23:02:08,5019.647,5019.807,0
2026.01.25 23:02:08,5019.681,5019.841,0
2026.01.25 23:02:08,5019.714,5019.874,0
2026.01.25 23:02:08,5019.791,5019.951,0
2026.01.25 23:02:08,5019.874,5020.034,0
2026.01.25 23:02:08,5019.902,5020.062,0
2026.01.25 23:02:08,5019.874,5020.034,0
2026.01.25 23:02:08,5019.925,5020.085,0
2026.01.25 23:02:08,5019.896,5020.056,0
2026.01.25 23:02:08,5019.937,5020.097,0
2026.01.25 23:02:08,5019.987,5020.147,0
2026.01.25 23:02:08,5020.013,5020.173,0
2026.01.25 23:02:09,5020.043,5020.203,0
2026.01.25 23:02:09,5020.069,5020.229,0
2026.01.25 23:02:09,5020.105,5020.265,0
2026.01.25 23:02:09,5020.144,5020.304,0
2026.01.25 23:02:09,5020.171,5020.331,0
2026.01.25 23:02:09,5020.220,5020.380,0
2026.01.25 23:02:09,5020.281,5020.441,0
2026.01.25 23:02:09,5020.546,5020.706,0
2026.01.25 23:02:09,5020.718,5020.878,0
2026.01.25 23:02:09,5020.759,5020.919,0
2026.01.25 23:02:09,5020.796,5020.956,0
2026.01.25 23:02:09,5020.825,5020.985,0
2026.01.25 23:02:09,5020.801,5020.961,0
2026.01.25 23:02:09,5020.770,5020.930,0
2026.01.25 23:02:10,5020.800,5020.960,0
2026.01.25 23:02:10,5020.768,5020.928,0
2026.01.25 23:02:10,5020.710,5020.870,0
2026.01.25 23:02:10,5020.658,5020.818,0
2026.01.25 23:02:10,5020.614,5020.774,0
2026.01.25 23:02:10,5020.572,5020.732,0
2026.01.25 23:02:10,5020.517,5020.677,0
2026.01.25 23:02:10,5020.468,5020.628,0
2026.01.25 23:02:10,5020.440,5020.600,0
2026.01.25 23:02:10,5020.398,5020.558,0
2026.01.25 23:02:10,5020.368,5020.528,0
2026.01.25 23:02:10,5020.338,5020.498,0
2026.01.25 23:02:10,5020.309,5020.469,0
2026.01.25 23:02:10,5020.243,5020.403,0
2026.01.25 23:02:10,5020.192,5020.352,0
2026.01.25 23:02:10,5020.149,5020.309,0
2026.01.25 23:02:10,5020.115,5020.275,0
2026.01.25 23:02:10,5020.073,5020.233,0
2026.01.25 23:02:10,5020.034,5020.194,0
2026.01.25 23:02:10,5019.965,5020.125,0
2026.01.25 23:02:10,5019.910,5020.070,0
2026.01.25 23:02:10,5019.875,5020.035,0
2026.01.25 23:02:10,5019.838,5019.998,0
2026.01.25 23:02:10,5019.867,5020.027,0
2026.01.25 23:02:10,5019.980,5020.140,0
2026.01.25 23:02:10,5020.083,5020.243,0
2026.01.25 23:02:10,5020.117,5020.277,0
2026.01.25 23:02:10,5020.163,5020.323,0
2026.01.25 23:02:10,5020.223,5020.383,0
2026.01.25 23:02:10,5020.271,5020.431,0
2026.01.25 23:02:10,5020.295,5020.455,0
2026.01.25 23:02:10,5020.322,5020.482,0
2026.01.25 23:02:10,5020.359,5020.519,0
2026.01.25 23:02:10,5020.391,5020.551,0
2026.01.25 23:05:24,5007.180,5007.340,0
2026.01.25 23:05:24,5007.155,5007.315,0
2026.01.25 23:05:24,5007.126,5007.286,0
2026.01.25 23:05:24,5007.226,5007.386,0
2026.01.25 23:05:24,5007.306,5007.466,0
2026.01.25 23:05:24,5007.352,5007.512,0
2026.01.25 23:05:24,5007.392,5007.552,0
2026.01.25 23:05:24,5007.350,5007.510,0
2026.01.25 23:05:24,5007.300,5007.460,0
2026.01.25 23:05:24,5007.255,5007.415,0
2026.01.25 23:05:24,5007.221,5007.381,0
2026.01.25 23:05:24,5007.173,5007.333,0
2026.01.25 23:05:24,5007.123,5007.283,0
2026.01.25 23:05:24,5007.080,5007.240,0
2026.01.25 23:05:24,5007.054,5007.214,0
2026.01.25 23:05:24,5007.023,5007.183,0
2026.01.25 23:05:25,5006.995,5007.155,0
2026.01.25 23:05:25,5007.055,5007.215,0
2026.01.25 23:05:25,5007.126,5007.286,0
2026.01.25 23:05:25,5007.166,5007.326,0
2026.01.25 23:05:25,5007.016,5007.176,0
2026.01.25 23:05:25,5007.065,5007.225,0
2026.01.25 23:05:25,5007.212,5007.372,0
2026.01.25 23:05:25,5007.267,5007.427,0
2026.01.25 23:05:25,5007.296,5007.456,0
2026.01.25 23:05:25,5007.428,5007.588,0
2026.01.25 23:05:25,5007.642,5007.802,0
2026.01.25 23:05:25,5007.720,5007.880,0
2026.01.25 23:05:25,5007.748,5007.908,0
2026.01.25 23:05:25,5007.955,5008.115,0
2026.01.25 23:05:25,5008.019,5008.179,0
2026.01.25 23:05:25,5008.201,5008.361,0
2026.01.25 23:05:25,5008.449,5008.609,0
2026.01.25 23:05:25,5008.381,5008.541,0
2026.01.25 23:05:25,5008.228,5008.388,0
2026.01.25 23:05:25,5008.101,5008.261,0
2026.01.25 23:05:25,5008.610,5008.770,0
2026.01.25 23:05:25,5008.769,5008.929,0
2026.01.25 23:05:25,5008.853,5009.013,0
2026.01.25 23:05:25,5008.924,5009.084,0
2026.01.25 23:05:25,5008.435,5008.595,0
2026.01.25 23:05:25,5008.271,5008.431,0
2026.01.25 23:05:25,5008.008,5008.168,0
2026.01.25 23:05:25,5007.920,5008.080,0
2026.01.25 23:05:25,5007.891,5008.051,0
2026.01.25 23:05:25,5007.866,5008.026,0
2026.01.25 23:05:25,5008.066,5008.226,0
2026.01.25 23:05:25,5008.128,5008.288,0
2026.01.25 23:05:25,5008.166,5008.326,0
2026.01.25 23:05:25,5008.122,5008.282,0
2026.01.25 23:05:25,5008.053,5008.213,0
2026.01.25 23:05:25,5008.018,5008.178,0
2026.01.25 23:05:25,5008.067,5008.227,0
2026.01.25 23:05:25,5008.130,5008.290,0
2026.01.25 23:05:25,5008.172,5008.332,0
2026.01.25 23:05:25,5008.254,5008.414,0
2026.01.25 23:05:25,5008.303,5008.463,0
2026.01.25 23:05:25,5008.333,5008.493,0
2026.01.25 23:05:25,5008.368,5008.528,0
2026.01.25 23:05:25,5008.399,5008.559,0
2026.01.25 23:05:25,5008.348,5008.508,0
2026.01.25 23:05:25,5008.443,5008.603,0
2026.01.25 23:05:25,5008.585,5008.745,0
2026.01.25 23:05:26,5008.623,5008.783,0
2026.01.25 23:05:26,5008.682,5008.842,0
2026.01.25 23:05:26,5008.633,5008.793,0
2026.01.25 23:05:26,5008.593,5008.753,0
2026.01.25 23:05:26,5008.535,5008.695,0
2026.01.25 23:05:26,5008.491,5008.651,0
2026.01.25 23:05:26,5008.441,5008.601,0
2026.01.25 23:05:26,5008.565,5008.725,0
2026.01.25 23:05:26,5008.596,5008.756,0
2026.01.25 23:05:26,5008.694,5008.854,0
2026.01.25 23:05:26,5008.724,5008.884,0
2026.01.25 23:05:26,5008.680,5008.840,0
2026.01.25 23:05:26,5008.620,5008.780,0
2026.01.25 23:05:26,5008.557,5008.717,0
2026.01.25 23:05:26,5008.474,5008.634,0
2026.01.25 23:05:26,5008.444,5008.604,0
2026.01.25 23:05:26,5008.410,5008.570,0
2026.01.25 23:05:26,5008.355,5008.515,0
2026.01.25 23:05:26,5008.303,5008.463,0
2026.01.25 23:05:26,5008.274,5008.434,0
2026.01.25 23:05:26,5008.249,5008.409,0
2026.01.25 23:05:27,5008.196,5008.356,0
2026.01.25 23:05:27,5008.171,5008.331,0
2026.01.25 23:05:27,5008.144,5008.304,0
2026.01.25 23:05:27,5008.112,5008.272,0
2026.01.25 23:05:27,5008.062,5008.222,0
2026.01.25 23:05:27,5008.028,5008.188,0
2026.01.25 23:05:27,5007.998,5008.158,0
2026.01.25 23:05:27,5007.962,5008.122,0
2026.01.25 23:05:27,5007.936,5008.096,0
2026.01.25 23:05:27,5007.911,5008.071,0
2026.01.25 23:05:27,5007.877,5008.037,0
2026.01.25 23:05:27,5007.848,5008.008,0
2026.01.25 23:05:27,5007.824,5007.984,0
2026.01.25 23:05:27,5007.792,5007.952,0
2026.01.25 23:05:27,5007.767,5007.927,0
2026.01.25 23:05:27,5007.738,5007.898,0
2026.01.25 23:05:27,5007.705,5007.865,0
2026.01.25 23:05:27,5007.667,5007.827,0
2026.01.25 23:05:27,5007.642,5007.802,0
2026.01.25 23:05:27,5007.606,5007.766,0
2026.01.25 23:05:27,5007.563,5007.723,0
2026.01.25 23:05:27,5007.538,5007.698,0
2026.01.25 23:05:27,5007.506,5007.666,0
2026.01.25 23:05:27,5007.481,5007.641,0
2026.01.25 23:05:27,5007.454,5007.614,0
2026.01.25 23:05:27,5007.423,5007.583,0
2026.01.25 23:05:27,5007.394,5007.554,0
2026.01.25 23:05:27,5007.366,5007.526,0
2026.01.25 23:05:27,5007.342,5007.502,0
2026.01.25 23:05:27,5007.310,5007.470,0
2026.01.25 23:05:27,5007.286,5007.446,0
2026.01.25 23:05:27,5007.253,5007.413,0
2026.01.25 23:05:27,5007.305,5007.465,0
2026.01.25 23:05:27,5007.380,5007.540,0
2026.01.25 23:05:27,5007.512,5007.672,0
2026.01.25 23:05:27,5007.646,5007.806,0
2026.01.25 23:05:28,5007.694,5007.854,0
2026.01.25 23:05:28,5007.724,5007.884,0
2026.01.25 23:05:28,5007.691,5007.851,0
2026.01.25 23:05:28,5007.780,5007.940,0
2026.01.25 23:05:28,5007.836,5007.996,0
2026.01.25 23:05:28,5007.863,5008.023,0
2026.01.25 23:05:28,5007.889,5008.049,0
2026.01.25 23:05:28,5007.917,5008.077,0
2026.01.25 23:05:28,5007.944,5008.104,0
2026.01.25 23:05:28,5007.973,5008.133,0
2026.01.25 23:05:28,5008.061,5008.221,0
2026.01.25 23:05:28,5008.133,5008.293,0
2026.01.25 23:05:28,5008.180,5008.340,0
2026.01.25 23:05:28,5008.147,5008.307,0
2026.01.25 23:05:28,5008.093,5008.253,0
2026.01.25 23:05:28,5008.036,5008.196,0
2026.01.25 23:05:28,5007.978,5008.138,0
2026.01.25 23:05:28,5008.017,5008.177,0
2026.01.25 23:05:28,5008.087,5008.247,0
2026.01.25 23:05:28,5008.125,5008.285,0
2026.01.25 23:05:28,5008.154,5008.314,0
2026.01.25 23:05:28,5008.232,5008.392,0
2026.01.25 23:05:28,5008.290,5008.450,0
2026.01.25 23:05:28,5008.315,5008.475,0
2026.01.25 23:05:28,5008.365,5008.525,0
2026.01.25 23:05:28,5008.275,5008.435,0
2026.01.25 23:05:28,5008.172,5008.332,0
2026.01.25 23:05:28,5008.104,5008.264,0
2026.01.25 23:05:28,5008.072,5008.232,0
2026.01.25 23:05:28,5008.021,5008.181,0
2026.01.25 23:05:28,5007.992,5008.152,0
2026.01.25 23:05:28,5007.916,5008.076,0
2026.01.25 23:05:28,5007.838,5007.998,0
2026.01.25 23:05:28,5007.796,5007.956,0
2026.01.25 23:05:28,5007.756,5007.916,0
2026.01.25 23:05:28,5007.723,5007.883,0
2026.01.25 23:05:28,5007.692,5007.852,0
2026.01.25 23:05:28,5007.668,5007.828,0
2026.01.25 23:05:28,5007.729,5007.889,0
2026.01.25 23:05:28,5007.775,5007.935,0
2026.01.25 23:05:28,5007.837,5007.997,0
2026.01.25 23:05:28,5007.744,5007.904,0
2026.01.25 23:05:28,5007.621,5007.781,0
2026.01.25 23:05:28,5007.566,5007.726,0
2026.01.25 23:05:28,5007.529,5007.689,0
2026.01.25 23:05:28,5007.623,5007.783,0
2026.01.25 23:05:28,5007.698,5007.858,0
2026.01.25 23:05:28,5007.591,5007.751,0
2026.01.25 23:05:28,5007.537,5007.697,0
2026.01.25 23:05:28,5007.445,5007.605,0
2026.01.25 23:05:28,5007.418,5007.578,0
2026.01.25 23:05:29,5007.456,5007.616,0
2026.01.25 23:05:29,5007.509,5007.669,0
2026.01.25 23:05:29,5007.444,5007.604,0
2026.01.25 23:05:29,5007.417,5007.577,0
2026.01.25 23:05:29,5007.495,5007.655,0
2026.01.25 23:05:29,5007.558,5007.718,0
2026.01.25 23:05:29,5007.616,5007.776,0
2026.01.25 23:05:29,5007.535,5007.695,0
2026.01.25 23:05:29,5007.496,5007.656,0
2026.01.25 23:05:29,5007.553,5007.713,0
2026.01.25 23:05:29,5007.461,5007.621,0
2026.01.25 23:05:29,5007.297,5007.457,0
2026.01.25 23:05:29,5007.247,5007.407,0
2026.01.25 23:05:29,5007.315,5007.475,0
2026.01.25 23:05:29,5007.519,5007.679,0
2026.01.25 23:05:29,5007.625,5007.785,0
2026.01.25 23:05:29,5007.652,5007.812,0
2026.01.25 23:05:29,5007.602,5007.762,0
2026.01.25 23:05:29,5007.535,5007.695,0
2026.01.25 23:05:29,5007.581,5007.741,0
2026.01.25 23:05:29,5007.532,5007.692,0
2026.01.25 23:05:29,5007.489,5007.649,0
2026.01.25 23:05:29,5007.408,5007.568,0
2026.01.25 23:05:29,5007.354,5007.514,0
2026.01.25 23:05:29,5007.301,5007.461,0
2026.01.25 23:05:29,5007.272,5007.432,0
2026.01.25 23:05:29,5007.236,5007.396,0
2026.01.25 23:05:29,5007.164,5007.324,0
2026.01.25 23:05:29,5007.076,5007.236,0
2026.01.25 23:05:29,5007.009,5007.169,0
2026.01.25 23:05:29,5006.977,5007.137,0
2026.01.25 23:05:29,5006.945,5007.105,0
2026.01.25 23:05:30,5006.909,5007.069,0
2026.01.25 23:05:30,5006.883,5007.043,0
2026.01.25 23:05:30,5006.852,5007.012,0
2026.01.25 23:05:30,5006.827,5006.987,0
2026.01.25 23:05:30,5006.782,5006.942,0
2026.01.25 23:05:30,5006.749,5006.909,0
2026.01.25 23:05:30,5006.719,5006.879,0
2026.01.25 23:05:30,5006.778,5006.938,0
2026.01.25 23:05:30,5007.016,5007.176,0
2026.01.25 23:05:30,5007.145,5007.305,0
2026.01.25 23:05:30,5007.255,5007.415,0
2026.01.25 23:05:30,5007.293,5007.453,0
2026.01.25 23:05:30,5007.338,5007.498,0
2026.01.25 23:05:30,5007.308,5007.468,0
2026.01.25 23:05:30,5007.217,5007.377,0
2026.01.25 23:05:30,5007.173,5007.333,0
2026.01.25 23:05:30,5007.120,5007.280,0
2026.01.25 23:05:30,5007.022,5007.182,0
2026.01.25 23:05:30,5006.899,5007.059,0
2026.01.25 23:05:30,5006.727,5006.887,0
2026.01.25 23:05:30,5006.628,5006.788,0
2026.01.25 23:05:30,5006.596,5006.756,0
2026.01.25 23:05:30,5006.564,5006.724,0
2026.01.25 23:05:30,5006.539,5006.699,0
2026.01.25 23:05:30,5006.513,5006.673,0
2026.01.25 23:05:30,5006.480,5006.640,0
2026.01.25 23:05:30,5006.447,5006.607,0
2026.01.25 23:05:30,5006.419,5006.579,0
2026.01.25 23:05:30,5006.389,5006.549,0
2026.01.25 23:05:30,5006.363,5006.523,0
2026.01.25 23:05:30,5006.336,5006.496,0
2026.01.25 23:05:30,5006.309,5006.469,0
2026.01.25 23:05:30,5006.280,5006.440,0
2026.01.25 23:05:30,5006.223,5006.383,0
2026.01.25 23:05:30,5006.184,5006.344,0
2026.01.25 23:05:30,5006.141,5006.301,0
2026.01.25 23:05:30,5006.109,5006.269,0
2026.01.25 23:05:31,5006.081,5006.241,0
2026.01.25 23:05:31,5006.049,5006.209,0
2026.01.25 23:05:31,5006.022,5006.182,0
2026.01.25 23:05:31,5005.995,5006.155,0
2026.01.25 23:05:31,5005.966,5006.126,0
2026.01.25 23:05:31,5005.931,5006.091,0
2026.01.25 23:05:31,5005.898,5006.058,0
2026.01.25 23:05:31,5005.869,5006.029,0
2026.01.25 23:05:31,5005.845,5006.005,0
2026.01.25 23:05:31,5005.813,5005.973,0
2026.01.25 23:05:31,5005.761,5005.921,0
2026.01.25 23:05:31,5005.732,5005.892,0
2026.01.25 23:05:31,5005.703,5005.863,0
2026.01.25 23:05:31,5005.782,5005.942,0
2026.01.25 23:05:31,5005.856,5006.016,0
2026.01.25 23:05:32,5005.896,5006.056,0
2026.01.25 23:05:32,5005.948,5006.108,0
2026.01.25 23:05:32,5005.986,5006.146,0
2026.01.25 23:05:32,5006.062,5006.222,0
2026.01.25 23:05:32,5006.137,5006.297,0
2026.01.25 23:05:32,5006.274,5006.434,0
2026.01.25 23:05:32,5006.570,5006.730,0
2026.01.25 23:05:32,5006.687,5006.847,0
2026.01.25 23:05:32,5006.719,5006.879,0
2026.01.25 23:05:32,5006.751,5006.911,0
2026.01.25 23:05:32,5006.845,5007.005,0
2026.01.25 23:05:32,5006.776,5006.936,0
2026.01.25 23:05:32,5006.963,5007.123,0
2026.01.25 23:05:32,5007.284,5007.444,0
2026.01.25 23:05:32,5007.356,5007.516,0
2026.01.25 23:05:32,5007.383,5007.543,0
2026.01.25 23:05:32,5007.327,5007.487,0
2026.01.25 23:05:32,5007.302,5007.462,0
2026.01.25 23:05:32,5007.580,5007.740,0
2026.01.25 23:05:32,5007.670,5007.830,0
2026.01.25 23:05:32,5007.701,5007.861,0
2026.01.25 23:05:32,5007.731,5007.891,0
2026.01.25 23:05:32,5007.764,5007.924,0
2026.01.25 23:05:32,5007.632,5007.792,0
2026.01.25 23:05:32,5007.423,5007.583,0
2026.01.25 23:05:32,5007.366,5007.526,0
2026.01.25 23:05:32,5007.257,5007.417,0
2026.01.25 23:05:32,5007.208,5007.368,0
2026.01.25 23:05:32,5007.273,5007.433,0
2026.01.25 23:05:32,5007.237,5007.397,0
2026.01.25 23:05:32,5007.186,5007.346,0
2026.01.25 23:05:32,5007.161,5007.321,0
2026.01.25 23:05:33,5007.125,5007.285,0
2026.01.25 23:05:33,5007.099,5007.259,0
2026.01.25 23:05:33,5007.212,5007.372,0
2026.01.25 23:05:33,5007.255,5007.415,0
2026.01.25 23:05:33,5007.293,5007.453,0
2026.01.25 23:05:33,5007.148,5007.308,0
2026.01.25 23:05:33,5007.078,5007.238,0
2026.01.25 23:05:33,5007.052,5007.212,0
2026.01.25 23:05:33,5007.013,5007.173,0
2026.01.25 23:05:33,5006.988,5007.148,0
2026.01.25 23:05:33,5006.948,5007.108,0
2026.01.25 23:05:33,5006.997,5007.157,0
2026.01.25 23:05:33,5007.071,5007.231,0
2026.01.25 23:05:33,5007.113,5007.273,0
2026.01.25 23:05:33,5007.254,5007.414,0
2026.01.25 23:05:33,5007.473,5007.633,0
2026.01.25 23:05:33,5007.630,5007.790,0
2026.01.25 23:05:33,5007.710,5007.870,0
2026.01.25 23:05:33,5007.810,5007.970,0
2026.01.25 23:05:33,5007.838,5007.998,0
2026.01.25 23:05:33,5007.741,5007.901,0
2026.01.25 23:05:33,5007.660,5007.820,0
2026.01.25 23:05:33,5007.610,5007.770,0
2026.01.25 23:05:33,5007.554,5007.714,0
2026.01.25 23:05:33,5007.612,5007.772,0
2026.01.25 23:05:33,5007.562,5007.722,0
2026.01.25 23:05:33,5007.476,5007.636,0
2026.01.25 23:05:34,5007.380,5007.540,0
2026.01.25 23:05:34,5007.334,5007.494,0
2026.01.25 23:05:34,5007.303,5007.463,0
2026.01.25 23:05:34,5007.394,5007.554,0
2026.01.25 23:05:34,5007.462,5007.622,0
2026.01.25 23:05:34,5007.401,5007.561,0
2026.01.25 23:05:34,5007.349,5007.509,0
2026.01.25 23:05:34,5007.412,5007.572,0
2026.01.25 23:05:34,5007.537,5007.697,0
2026.01.25 23:05:34,5007.589,5007.749,0
2026.01.25 23:05:34,5007.616,5007.776,0
2026.01.25 23:05:34,5007.463,5007.623,0
2026.01.25 23:05:34,5007.400,5007.560,0
2026.01.25 23:05:34,5007.369,5007.529,0
2026.01.25 23:05:34,5007.495,5007.655,0
2026.01.25 23:05:34,5007.570,5007.730,0
2026.01.25 23:05:34,5007.435,5007.595,0
2026.01.25 23:05:34,5007.388,5007.548,0
2026.01.25 23:05:34,5007.356,5007.516,0
2026.01.25 23:05:35,5007.309,5007.469,0
2026.01.25 23:05:35,5007.281,5007.441,0
2026.01.25 23:05:35,5007.221,5007.381,0
2026.01.25 23:05:35,5007.141,5007.301,0
2026.01.25 23:05:35,5007.105,5007.265,0
2026.01.25 23:05:35,5007.052,5007.212,0
2026.01.25 23:05:35,5007.016,5007.176,0
2026.01.25 23:05:35,5006.987,5007.147,0
2026.01.25 23:05:35,5006.950,5007.110,0
2026.01.25 23:05:35,5006.892,5007.052,0
2026.01.25 23:05:35,5006.854,5007.014,0
2026.01.25 23:05:35,5006.818,5006.978,0
2026.01.25 23:05:35,5006.782,5006.942,0
2026.01.25 23:05:35,5006.758,5006.918,0
2026.01.25 23:05:35,5006.713,5006.873,0
2026.01.25 23:05:35,5006.677,5006.837,0
2026.01.25 23:05:35,5006.640,5006.800,0
2026.01.25 23:05:35,5006.589,5006.749,0
2026.01.25 23:05:35,5006.552,5006.712,0
2026.01.25 23:05:36,5006.516,5006.676,0
2026.01.25 23:05:36,5006.484,5006.644,0
2026.01.25 23:05:36,5006.458,5006.618,0
2026.01.25 23:05:36,5006.422,5006.582,0
2026.01.25 23:05:36,5006.388,5006.548,0
2026.01.25 23:05:36,5006.362,5006.522,0
2026.01.25 23:05:36,5006.338,5006.498,0
2026.01.25 23:05:36,5006.313,5006.473,0
2026.01.25 23:05:36,5006.287,5006.447,0
2026.01.25 23:05:36,5006.340,5006.500,0
2026.01.25 23:05:36,5006.406,5006.566,0
2026.01.25 23:05:36,5006.470,5006.630,0
2026.01.25 23:05:36,5006.624,5006.784,0
2026.01.25 23:05:37,5006.718,5006.878,0
2026.01.25 23:05:37,5006.914,5007.074,0
2026.01.25 23:05:37,5007.015,5007.175,0
2026.01.25 23:05:37,5007.070,5007.230,0
2026.01.25 23:05:37,5007.139,5007.299,0
2026.01.25 23:05:37,5007.164,5007.324,0
2026.01.25 23:05:37,5007.131,5007.291,0
2026.01.25 23:05:37,5007.094,5007.254,0
2026.01.25 23:05:37,5007.031,5007.191,0
2026.01.25 23:05:37,5007.105,5007.265,0
2026.01.25 23:05:37,5007.254,5007.414,0
2026.01.25 23:05:37,5007.329,5007.489,0
2026.01.25 23:05:37,5007.433,5007.593,0
2026.01.25 23:05:37,5007.465,5007.625,0
2026.01.25 23:05:37,5007.493,5007.653,0
2026.01.25 23:05:37,5007.589,5007.749,0
2026.01.25 23:05:37,5007.649,5007.809,0
2026.01.25 23:05:37,5007.719,5007.879,0
2026.01.25 23:05:37,5007.685,5007.845,0
2026.01.25 23:05:37,5007.650,5007.810,0
2026.01.25 23:05:37,5007.577,5007.737,0
2026.01.25 23:05:37,5007.530,5007.690,0
2026.01.25 23:05:37,5007.479,5007.639,0
2026.01.25 23:05:37,5007.424,5007.584,0
2026.01.25 23:05:37,5007.372,5007.532,0
2026.01.25 23:05:37,5007.328,5007.488,0
2026.01.25 23:05:37,5007.290,5007.450,0
2026.01.25 23:05:37,5007.260,5007.420,0
2026.01.25 23:05:37,5007.227,5007.387,0
2026.01.25 23:05:37,5007.199,5007.359,0
2026.01.25 23:05:37,5007.158,5007.318,0
2026.01.25 23:05:38,5007.113,5007.273,0
2026.01.25 23:05:38,5006.944,5007.104,0
2026.01.25 23:05:38,5006.663,5006.823,0
2026.01.25 23:05:38,5006.368,5006.528,0
2026.01.25 23:05:38,5006.426,5006.586,0
2026.01.25 23:05:38,5006.488,5006.648,0
2026.01.25 23:05:38,5006.454,5006.614,0
2026.01.25 23:05:38,5006.321,5006.481,0
2026.01.25 23:05:38,5006.157,5006.317,0
2026.01.25 23:05:38,5006.107,5006.267,0
2026.01.25 23:05:38,5006.145,5006.305,0
2026.01.25 23:05:38,5006.111,5006.271,0
2026.01.25 23:05:38,5006.045,5006.205,0
2026.01.25 23:05:38,5006.018,5006.178,0
2026.01.25 23:05:38,5005.987,5006.147,0
2026.01.25 23:05:38,5006.022,5006.182,0
2026.01.25 23:05:38,5006.068,5006.228,0
2026.01.25 23:05:38,5006.160,5006.320,0
2026.01.25 23:05:38,5006.309,5006.469,0
2026.01.25 23:05:38,5006.342,5006.502,0
2026.01.25 23:05:39,5006.292,5006.452,0
2026.01.25 23:05:39,5006.391,5006.551,0
2026.01.25 23:05:39,5006.508,5006.668,0
2026.01.25 23:05:39,5006.631,5006.791,0
2026.01.25 23:05:39,5006.666,5006.826,0
2026.01.25 23:05:39,5006.580,5006.740,0
2026.01.25 23:05:39,5006.518,5006.678,0
2026.01.25 23:05:39,5006.549,5006.709,0
2026.01.25 23:05:39,5006.582,5006.742,0
2026.01.25 23:05:39,5006.507,5006.667,0
2026.01.25 23:05:39,5006.541,5006.701,0
2026.01.25 23:05:39,5006.578,5006.738,0
2026.01.25 23:05:39,5006.523,5006.683,0
2026.01.25 23:05:39,5006.474,5006.634,0
2026.01.25 23:05:39,5006.430,5006.590,0
2026.01.25 23:05:39,5006.384,5006.544,0
2026.01.25 23:05:39,5006.306,5006.466,0
2026.01.25 23:05:39,5006.261,5006.421,0
2026.01.25 23:05:39,5006.234,5006.394,0
2026.01.25 23:05:40,5006.195,5006.355,0
2026.01.25 23:05:40,5006.170,5006.330,0
2026.01.25 23:05:40,5006.130,5006.290,0
2026.01.25 23:05:40,5006.092,5006.252,0
2026.01.25 23:05:40,5006.046,5006.206,0
2026.01.25 23:05:40,5005.999,5006.159,0
2026.01.25 23:05:40,5005.939,5006.099,0
2026.01.25 23:05:40,5005.893,5006.053,0
2026.01.25 23:05:40,5005.860,5006.020,0
2026.01.25 23:05:40,5005.819,5005.979,0
2026.01.25 23:05:40,5005.794,5005.954,0
2026.01.25 23:05:40,5005.768,5005.928,0
2026.01.25 23:05:40,5005.722,5005.882,0
2026.01.25 23:05:40,5005.690,5005.850,0
2026.01.25 23:05:40,5005.654,5005.814,0
2026.01.25 23:05:40,5005.626,5005.786,0
2026.01.25 23:05:40,5005.599,5005.759,0
2026.01.25 23:05:40,5005.555,5005.715,0
2026.01.25 23:05:40,5005.488,5005.648,0
2026.01.25 23:05:40,5005.457,5005.617,0
2026.01.25 23:05:40,5005.428,5005.588,0
2026.01.25 23:05:40,5005.402,5005.562,0
2026.01.25 23:05:40,5005.305,5005.465,0
2026.01.25 23:05:40,5005.211,5005.371,0
2026.01.25 23:05:40,5005.179,5005.339,0
2026.01.25 23:05:40,5005.151,5005.311,0
2026.01.25 23:05:40,5005.098,5005.258,0
2026.01.25 23:05:40,5005.048,5005.208,0
2026.01.25 23:05:40,5005.005,5005.165,0
2026.01.25 23:05:40,5004.970,5005.130,0
2026.01.25 23:05:40,5004.930,5005.090,0
2026.01.25 23:05:40,5004.905,5005.065,0
2026.01.25 23:05:41,5004.879,5005.039,0
2026.01.25 23:05:41,5004.853,5005.013,0
2026.01.25 23:05:41,5004.817,5004.977,0
2026.01.25 23:05:41,5004.787,5004.947,0
2026.01.25 23:05:41,5004.754,5004.914,0
2026.01.25 23:05:41,5004.723,5004.883,0
2026.01.25 23:05:41,5004.823,5004.983,0
2026.01.25 23:05:41,5004.940,5005.100,0
2026.01.25 23:05:41,5005.002,5005.162,0
2026.01.25 23:05:41,5005.039,5005.199,0
2026.01.25 23:05:41,5005.090,5005.250,0
2026.01.25 23:05:41,5005.128,5005.288,0
2026.01.25 23:05:41,5005.172,5005.332,0
2026.01.25 23:05:41,5005.220,5005.380,0
2026.01.25 23:05:41,5005.259,5005.419,0
2026.01.25 23:05:41,5005.285,5005.445,0
2026.01.25 23:05:41,5005.359,5005.519,0
2026.01.25 23:05:41,5005.511,5005.671,0
2026.01.25 23:05:41,5005.653,5005.813,0
2026.01.25 23:05:41,5005.702,5005.862,0
2026.01.25 23:05:41,5005.865,5006.025,0
2026.01.25 23:05:41,5006.083,5006.243,0
2026.01.25 23:05:42,5006.137,5006.297,0
2026.01.25 23:05:42,5006.171,5006.331,0
2026.01.25 23:05:42,5006.203,5006.363,0
2026.01.25 23:05:42,5006.175,5006.335,0
2026.01.25 23:05:42,5006.146,5006.306,0
2026.01.25 23:05:42,5006.034,5006.194,0
2026.01.25 23:05:42,5005.947,5006.107,0
2026.01.25 23:05:42,5005.908,5006.068,0
2026.01.25 23:05:42,5005.857,5006.017,0
2026.01.25 23:05:42,5005.823,5005.983,0
2026.01.25 23:05:42,5005.794,5005.954,0
2026.01.25 23:05:42,5005.838,5005.998,0
2026.01.25 23:05:42,5005.790,5005.950,0
2026.01.25 23:05:42,5005.753,5005.913,0
2026.01.25 23:05:42,5005.725,5005.885,0
2026.01.25 23:05:42,5005.685,5005.845,0
2026.01.25 23:05:42,5005.658,5005.818,0
2026.01.25 23:05:42,5005.612,5005.772,0
2026.01.25 23:05:42,5005.581,5005.741,0
2026.01.25 23:05:42,5005.537,5005.697,0
2026.01.25 23:05:42,5005.504,5005.664,0
2026.01.25 23:05:42,5005.454,5005.614,0
2026.01.25 23:05:42,5005.424,5005.584,0
2026.01.25 23:05:42,5005.399,5005.559,0
2026.01.25 23:05:42,5005.433,5005.593,0
2026.01.25 23:05:42,5005.548,5005.708,0
2026.01.25 23:05:42,5005.614,5005.774,0
2026.01.25 23:05:42,5005.737,5005.897,0
2026.01.25 23:05:42,5005.798,5005.958,0
2026.01.25 23:05:42,5005.946,5006.106,0
2026.01.25 23:05:42,5006.084,5006.244,0
2026.01.25 23:05:42,5006.142,5006.302,0
2026.01.25 23:05:43,5006.202,5006.362,0
2026.01.25 23:05:43,5006.302,5006.462,0
2026.01.25 23:05:43,5006.378,5006.538,0
2026.01.25 23:05:43,5006.530,5006.690,0
2026.01.25 23:05:43,5006.653,5006.813,0
2026.01.25 23:05:43,5006.695,5006.855,0
2026.01.25 23:05:43,5006.667,5006.827,0
2026.01.25 23:05:43,5006.635,5006.795,0
2026.01.25 23:05:43,5006.603,5006.763,0
2026.01.25 23:05:43,5006.553,5006.713,0
2026.01.25 23:05:43,5006.500,5006.660,0
2026.01.25 23:05:43,5006.341,5006.501,0
2026.01.25 23:05:43,5006.232,5006.392,0
2026.01.25 23:05:43,5006.192,5006.352,0
2026.01.25 23:05:43,5006.094,5006.254,0
2026.01.25 23:05:43,5006.026,5006.186,0
2026.01.25 23:05:43,5005.980,5006.140,0
2026.01.25 23:05:43,5005.840,5006.000,0
2026.01.25 23:05:43,5005.809,5005.969,0
2026.01.25 23:05:43,5005.709,5005.869,0
2026.01.25 23:05:43,5005.648,5005.808,0
2026.01.25 23:05:43,5005.611,5005.771,0
2026.01.25 23:05:43,5005.585,5005.745,0
2026.01.25 23:05:43,5005.551,5005.711,0
2026.01.25 23:05:43,5005.512,5005.672,0
2026.01.25 23:05:43,5005.538,5005.698,0
2026.01.25 23:05:43,5005.571,5005.731,0
2026.01.25 23:05:43,5005.645,5005.805,0
2026.01.25 23:05:43,5005.686,5005.846,0
2026.01.25 23:05:43,5005.764,5005.924,0
2026.01.25 23:05:43,5005.847,5006.007,0
2026.01.25 23:05:43,5005.932,5006.092,0
2026.01.25 23:05:43,5006.022,5006.182,0
2026.01.25 23:05:43,5006.064,5006.224,0
2026.01.25 23:05:43,5006.092,5006.252,0
2026.01.25 23:05:43,5006.131,5006.291,0
2026.01.25 23:05:43,5006.205,5006.365,0
2026.01.25 23:05:43,5006.254,5006.414,0
2026.01.25 23:05:43,5006.281,5006.441,0
2026.01.25 23:05:44,5006.352,5006.512,0
2026.01.25 23:05:44,5006.386,5006.546,0
2026.01.25 23:05:44,5006.343,5006.503,0
2026.01.25 23:05:44,5006.129,5006.289,0
2026.01.25 23:05:44,5006.016,5006.176,0
2026.01.25 23:05:44,5006.077,5006.237,0
2026.01.25 23:05:44,5006.037,5006.197,0
2026.01.25 23:05:44,5005.995,5006.155,0
2026.01.25 23:05:44,5006.074,5006.234,0
2026.01.25 23:05:44,5006.148,5006.308,0
2026.01.25 23:05:44,5006.192,5006.352,0
2026.01.25 23:05:44,5006.277,5006.437,0
2026.01.25 23:05:44,5006.400,5006.560,0
2026.01.25 23:05:44,5006.453,5006.613,0
2026.01.25 23:05:44,5006.620,5006.780,0
2026.01.25 23:05:44,5006.765,5006.925,0
2026.01.25 23:05:44,5006.917,5007.077,0
2026.01.25 23:05:44,5006.972,5007.132,0
2026.01.25 23:05:44,5007.011,5007.171,0
2026.01.25 23:05:44,5006.945,5007.105,0
2026.01.25 23:05:44,5006.898,5007.058,0
2026.01.25 23:05:44,5006.937,5007.097,0
2026.01.25 23:05:44,5006.967,5007.127,0
2026.01.25 23:05:44,5006.992,5007.152,0
2026.01.25 23:05:44,5007.025,5007.185,0
2026.01.25 23:05:44,5007.081,5007.241,0
2026.01.25 23:05:44,5007.113,5007.273,0
2026.01.25 23:05:44,5007.147,5007.307,0
2026.01.25 23:05:44,5007.178,5007.338,0
2026.01.25 23:05:44,5007.207,5007.367,0
2026.01.25 23:05:44,5007.275,5007.435,0
2026.01.25 23:05:44,5007.332,5007.492,0
2026.01.25 23:05:44,5007.384,5007.544,0
2026.01.25 23:05:44,5007.439,5007.599,0
2026.01.25 23:05:44,5007.473,5007.633,0
2026.01.25 23:05:44,5007.499,5007.659,0
2026.01.25 23:05:44,5007.422,5007.582,0
2026.01.25 23:05:44,5007.354,5007.514,0
2026.01.25 23:05:45,5007.465,5007.625,0
2026.01.25 23:05:45,5007.518,5007.678,0
2026.01.25 23:05:45,5007.548,5007.708,0
2026.01.25 23:05:45,5007.650,5007.810,0
2026.01.25 23:05:45,5007.809,5007.969,0
2026.01.25 23:05:45,5007.842,5008.002,0
2026.01.25 23:05:45,5007.780,5007.940,0
2026.01.25 23:05:45,5007.823,5007.983,0
2026.01.25 23:05:45,5007.792,5007.952,0
2026.01.25 23:05:45,5007.744,5007.904,0
2026.01.25 23:05:45,5007.670,5007.830,0
2026.01.25 23:05:45,5007.560,5007.720,0
2026.01.25 23:05:45,5007.516,5007.676,0
2026.01.25 23:05:45,5007.479,5007.639,0
2026.01.25 23:05:45,5007.414,5007.574,0
2026.01.25 23:05:45,5007.374,5007.534,0
2026.01.25 23:05:45,5007.331,5007.491,0
2026.01.25 23:05:45,5007.304,5007.464,0
2026.01.25 23:05:45,5007.257,5007.417,0
2026.01.25 23:05:45,5007.222,5007.382,0
2026.01.25 23:05:45,5007.172,5007.332,0
2026.01.25 23:05:45,5007.058,5007.218,0
2026.01.25 23:05:45,5006.931,5007.091,0
2026.01.25 23:05:45,5006.737,5006.897,0
2026.01.25 23:05:45,5006.688,5006.848,0
2026.01.25 23:05:45,5006.717,5006.877,0
2026.01.25 23:05:45,5006.744,5006.904,0
2026.01.25 23:05:45,5006.671,5006.831,0
2026.01.25 23:05:45,5006.764,5006.924,0
2026.01.25 23:05:45,5006.943,5007.103,0
2026.01.25 23:05:45,5007.196,5007.356,0
2026.01.25 23:05:45,5007.321,5007.481,0
2026.01.25 23:05:45,5007.352,5007.512,0
2026.01.25 23:05:46,5007.382,5007.542,0
2026.01.25 23:05:46,5007.410,5007.570,0
2026.01.25 23:05:46,5007.485,5007.645,0
2026.01.25 23:05:46,5007.602,5007.762,0
2026.01.25 23:05:46,5007.698,5007.858,0
2026.01.25 23:05:46,5007.877,5008.037,0
2026.01.25 23:05:46,5008.019,5008.179,0
2026.01.25 23:05:46,5008.061,5008.221,0
2026.01.25 23:05:46,5008.118,5008.278,0
2026.01.25 23:05:46,5008.227,5008.387,0
2026.01.25 23:05:46,5008.262,5008.422,0
2026.01.25 23:05:46,5008.309,5008.469,0
2026.01.25 23:05:46,5008.364,5008.524,0
2026.01.25 23:05:46,5008.419,5008.579,0
2026.01.25 23:05:46,5008.472,5008.632,0
2026.01.25 23:05:46,5008.512,5008.672,0
2026.01.25 23:05:46,5008.547,5008.707,0
2026.01.25 23:05:46,5008.599,5008.759,0
2026.01.25 23:05:46,5008.626,5008.786,0
2026.01.25 23:05:46,5008.747,5008.907,0
2026.01.25 23:05:46,5008.787,5008.947,0
2026.01.25 23:05:46,5008.868,5009.028,0
2026.01.25 23:05:46,5008.897,5009.057,0
2026.01.25 23:05:46,5008.922,5009.082,0
2026.01.25 23:05:47,5008.882,5009.042,0
2026.01.25 23:05:47,5008.836,5008.996,0
2026.01.25 23:05:47,5008.762,5008.922,0
2026.01.25 23:05:47,5008.718,5008.878,0
2026.01.25 23:05:47,5008.645,5008.805,0
2026.01.25 23:05:47,5008.578,5008.738,0
2026.01.25 23:05:47,5008.547,5008.707,0
2026.01.25 23:05:47,5008.498,5008.658,0
2026.01.25 23:05:47,5008.465,5008.625,0
2026.01.25 23:05:47,5008.409,5008.569,0
2026.01.25 23:05:47,5008.381,5008.541,0
2026.01.25 23:05:47,5008.354,5008.514,0
2026.01.25 23:05:47,5008.323,5008.483,0
2026.01.25 23:05:47,5008.274,5008.434,0
2026.01.25 23:05:47,5008.234,5008.394,0
2026.01.25 23:05:47,5008.143,5008.303,0
2026.01.25 23:05:47,5008.113,5008.273,0
2026.01.25 23:05:47,5008.087,5008.247,0
2026.01.25 23:05:47,5008.055,5008.215,0
2026.01.25 23:05:47,5008.022,5008.182,0
2026.01.25 23:05:47,5007.994,5008.154,0
2026.01.25 23:05:47,5007.916,5008.076,0
2026.01.25 23:05:47,5007.861,5008.021,0
2026.01.25 23:05:47,5007.832,5007.992,0
2026.01.25 23:05:47,5007.805,5007.965,0
2026.01.25 23:05:47,5007.776,5007.936,0
2026.01.25 23:05:47,5007.742,5007.902,0
2026.01.25 23:05:47,5007.700,5007.860,0
2026.01.25 23:05:47,5007.670,5007.830,0
2026.01.25 23:05:47,5007.636,5007.796,0
2026.01.25 23:05:47,5007.606,5007.766,0
2026.01.25 23:05:47,5007.581,5007.741,0
2026.01.25 23:05:47,5007.551,5007.711,0
2026.01.25 23:05:47,5007.523,5007.683,0
2026.01.25 23:05:47,5007.494,5007.654,0
2026.01.25 23:05:47,5007.467,5007.627,0
2026.01.25 23:05:47,5007.434,5007.594,0
2026.01.25 23:05:47,5007.404,5007.564,0
2026.01.25 23:05:47,5007.346,5007.506,0
2026.01.25 23:05:47,5007.261,5007.421,0
2026.01.25 23:05:47,5007.164,5007.324,0
2026.01.25 23:05:47,5007.053,5007.213,0
2026.01.25 23:05:47,5007.011,5007.171,0
2026.01.25 23:05:47,5007.042,5007.202,0
2026.01.25 23:05:48,5007.067,5007.227,0
2026.01.25 23:05:48,5007.114,5007.274,0
2026.01.25 23:05:48,5007.223,5007.383,0
2026.01.25 23:05:48,5007.261,5007.421,0
2026.01.25 23:05:48,5007.408,5007.568,0
2026.01.25 23:05:48,5007.501,5007.661,0
2026.01.25 23:05:48,5007.552,5007.712,0
2026.01.25 23:05:48,5007.715,5007.875,0
2026.01.25 23:05:48,5007.778,5007.938,0
2026.01.25 23:05:48,5007.836,5007.996,0
2026.01.25 23:05:48,5007.894,5008.054,0
2026.01.25 23:05:48,5007.977,5008.137,0
2026.01.25 23:05:48,5008.190,5008.350,0
2026.01.25 23:05:48,5008.294,5008.454,0
2026.01.25 23:05:48,5008.355,5008.515,0
2026.01.25 23:05:48,5008.322,5008.482,0
2026.01.25 23:05:48,5008.348,5008.508,0
2026.01.25 23:05:48,5008.386,5008.546,0
2026.01.25 23:05:48,5008.419,5008.579,0
2026.01.25 23:05:48,5008.490,5008.650,0
2026.01.25 23:05:48,5008.589,5008.749,0
2026.01.25 23:05:48,5008.633,5008.793,0
2026.01.25 23:05:48,5008.763,5008.923,0
2026.01.25 23:05:48,5008.947,5009.107,0
2026.01.25 23:05:49,5008.982,5009.142,0
2026.01.25 23:05:49,5008.957,5009.117,0
2026.01.25 23:05:49,5008.925,5009.085,0
2026.01.25 23:05:49,5008.884,5009.044,0
2026.01.25 23:05:49,5008.838,5008.998,0
2026.01.25 23:05:49,5008.742,5008.902,0
2026.01.25 23:05:49,5008.672,5008.832,0
2026.01.25 23:05:49,5008.780,5008.940,0
2026.01.25 23:05:49,5008.832,5008.992,0
2026.01.25 23:05:49,5008.970,5009.130,0
2026.01.25 23:05:49,5009.139,5009.299,0
2026.01.25 23:05:49,5009.034,5009.194,0
2026.01.25 23:05:49,5008.720,5008.880,0
2026.01.25 23:05:49,5008.653,5008.813,0
2026.01.25 23:05:49,5008.751,5008.911,0
2026.01.25 23:05:49,5008.958,5009.118,0
2026.01.25 23:05:49,5009.038,5009.198,0
2026.01.25 23:05:49,5009.113,5009.273,0
2026.01.25 23:05:49,5009.251,5009.411,0
2026.01.25 23:05:49,5009.294,5009.454,0
2026.01.25 23:05:49,5009.346,5009.506,0
2026.01.25 23:05:49,5009.297,5009.457,0
2026.01.25 23:05:49,5009.250,5009.410,0
2026.01.25 23:05:49,5009.169,5009.329,0
2026.01.25 23:05:49,5009.129,5009.289,0
2026.01.25 23:05:49,5009.076,5009.236,0
2026.01.25 23:05:49,5008.980,5009.140,0
2026.01.25 23:05:49,5008.931,5009.091,0
2026.01.25 23:05:49,5008.872,5009.032,0
2026.01.25 23:05:49,5008.820,5008.980,0
2026.01.25 23:05:49,5008.789,5008.949,0
2026.01.25 23:05:49,5008.762,5008.922,0
2026.01.25 23:05:49,5008.724,5008.884,0
2026.01.25 23:05:49,5008.700,5008.860,0
2026.01.25 23:05:50,5008.642,5008.802,0
2026.01.25 23:05:50,5008.604,5008.764,0
2026.01.25 23:05:50,5008.539,5008.699,0
2026.01.25 23:05:50,5008.437,5008.597,0
2026.01.25 23:05:50,5008.296,5008.456,0
2026.01.25 23:05:50,5008.217,5008.377,0
2026.01.25 23:05:50,5008.013,5008.173,0
2026.01.25 23:05:50,5007.715,5007.875,0
2026.01.25 23:05:50,5007.656,5007.816,0
2026.01.25 23:05:50,5007.526,5007.686,0
2026.01.25 23:05:50,5007.396,5007.556,0
2026.01.25 23:05:50,5007.273,5007.433,0
2026.01.25 23:05:50,5007.245,5007.405,0
2026.01.25 23:05:50,5007.077,5007.237,0
2026.01.25 23:05:50,5007.022,5007.182,0
2026.01.25 23:05:50,5006.971,5007.131,0
2026.01.25 23:05:50,5006.829,5006.989,0
2026.01.25 23:05:50,5006.784,5006.944,0
2026.01.25 23:05:50,5006.755,5006.915,0
2026.01.25 23:05:50,5006.725,5006.885,0
2026.01.25 23:05:50,5006.688,5006.848,0
2026.01.25 23:05:50,5006.662,5006.822,0
2026.01.25 23:05:50,5006.594,5006.754,0
2026.01.25 23:05:50,5006.498,5006.658,0
2026.01.25 23:05:50,5006.452,5006.612,0
2026.01.25 23:05:50,5006.417,5006.577,0
2026.01.25 23:05:50,5006.393,5006.553,0
2026.01.25 23:05:50,5006.367,5006.527,0
2026.01.25 23:05:50,5006.337,5006.497,0
2026.01.25 23:05:50,5006.299,5006.459,0
2026.01.25 23:05:50,5006.267,5006.427,0
2026.01.25 23:05:50,5006.222,5006.382,0
2026.01.25 23:05:50,5006.197,5006.357,0
2026.01.25 23:05:50,5006.122,5006.282,0
2026.01.25 23:05:50,5006.051,5006.211,0
2026.01.25 23:05:50,5005.971,5006.131,0
2026.01.25 23:05:50,5005.875,5006.035,0
2026.01.25 23:05:50,5005.828,5005.988,0
2026.01.25 23:05:50,5005.797,5005.957,0
2026.01.25 23:05:50,5005.661,5005.821,0
2026.01.25 23:05:50,5005.508,5005.668,0
2026.01.25 23:05:50,5005.326,5005.486,0
2026.01.25 23:05:50,5005.270,5005.430,0
2026.01.25 23:05:50,5005.198,5005.358,0
2026.01.25 23:05:50,5005.166,5005.326,0
2026.01.25 23:05:51,5005.198,5005.358,0
2026.01.25 23:05:51,5005.269,5005.429,0
2026.01.25 23:05:51,5005.324,5005.484,0
2026.01.25 23:05:51,5005.377,5005.537,0
2026.01.25 23:05:51,5005.340,5005.500,0
2026.01.25 23:05:51,5005.298,5005.458,0
2026.01.25 23:05:51,5005.267,5005.427,0
2026.01.25 23:05:51,5005.203,5005.363,0
2026.01.25 23:05:51,5005.160,5005.320,0
2026.01.25 23:05:51,5005.133,5005.293,0
2026.01.25 23:05:51,5005.183,5005.343,0
2026.01.25 23:05:51,5005.151,5005.311,0
2026.01.25 23:05:51,5005.207,5005.367,0
2026.01.25 23:05:51,5005.377,5005.537,0
2026.01.25 23:05:51,5005.447,5005.607,0
2026.01.25 23:05:51,5005.486,5005.646,0
2026.01.25 23:05:51,5005.514,5005.674,0
2026.01.25 23:05:51,5005.538,5005.698,0
2026.01.25 23:05:51,5005.568,5005.728,0
2026.01.25 23:05:51,5005.609,5005.769,0
2026.01.25 23:05:51,5005.697,5005.857,0
2026.01.25 23:05:51,5005.757,5005.917,0
2026.01.25 23:05:51,5005.781,5005.941,0
2026.01.25 23:05:51,5005.807,5005.967,0
2026.01.25 23:05:51,5005.778,5005.938,0
2026.01.25 23:05:51,5005.727,5005.887,0
2026.01.25 23:05:51,5005.682,5005.842,0
2026.01.25 23:05:51,5005.629,5005.789,0
2026.01.25 23:05:51,5005.584,5005.744,0
2026.01.25 23:05:51,5005.537,5005.697,0
2026.01.25 23:05:52,5005.497,5005.657,0
2026.01.25 23:05:52,5005.465,5005.625,0
2026.01.25 23:05:52,5005.435,5005.595,0
2026.01.25 23:05:52,5005.407,5005.567,0
2026.01.25 23:05:52,5005.377,5005.537,0
2026.01.25 23:05:52,5005.329,5005.489,0
2026.01.25 23:05:52,5005.214,5005.374,0
2026.01.25 23:05:52,5005.136,5005.296,0
2026.01.25 23:05:52,5005.103,5005.263,0
2026.01.25 23:05:52,5005.079,5005.239,0
2026.01.25 23:05:52,5005.131,5005.291,0
2026.01.25 23:05:52,5005.191,5005.351,0
2026.01.25 23:05:52,5005.237,5005.397,0
2026.01.25 23:05:52,5005.182,5005.342,0
2026.01.25 23:05:52,5005.150,5005.310,0
2026.01.25 23:05:52,5005.092,5005.252,0
2026.01.25 23:05:52,5005.065,5005.225,0
2026.01.25 23:05:52,5005.022,5005.182,0
2026.01.25 23:05:52,5004.948,5005.108,0
2026.01.25 23:05:52,5004.917,5005.077,0
2026.01.25 23:05:52,5004.833,5004.993,0
2026.01.25 23:05:52,5004.773,5004.933,0
2026.01.25 23:05:52,5004.802,5004.962,0
2026.01.25 23:05:52,5004.762,5004.922,0
2026.01.25 23:05:52,5004.731,5004.891,0
2026.01.25 23:05:52,5004.834,5004.994,0
2026.01.25 23:05:52,5004.908,5005.068,0
2026.01.25 23:05:52,5004.957,5005.117,0
2026.01.25 23:05:52,5005.011,5005.171,0
2026.01.25 23:05:52,5005.061,5005.221,0
2026.01.25 23:05:52,5005.088,5005.248,0
2026.01.25 23:05:53,5005.123,5005.283,0
2026.01.25 23:05:53,5005.162,5005.322,0
2026.01.25 23:05:53,5005.202,5005.362,0
2026.01.25 23:05:53,5005.229,5005.389,0
2026.01.25 23:05:53,5005.260,5005.420,0
2026.01.25 23:05:53,5005.291,5005.451,0
2026.01.25 23:05:53,5005.341,5005.501,0
2026.01.25 23:05:53,5005.384,5005.544,0
2026.01.25 23:05:53,5005.410,5005.570,0
2026.01.25 23:05:53,5005.375,5005.535,0
2026.01.25 23:05:53,5005.320,5005.480,0
2026.01.25 23:05:53,5005.413,5005.573,0
2026.01.25 23:05:53,5005.466,5005.626,0
2026.01.25 23:05:53,5005.501,5005.661,0
2026.01.25 23:05:53,5005.527,5005.687,0
2026.01.25 23:05:53,5005.475,5005.635,0
2026.01.25 23:05:53,5005.427,5005.587,0
2026.01.25 23:05:53,5005.383,5005.543,0
2026.01.25 23:05:53,5005.268,5005.428,0
2026.01.25 23:05:53,5005.236,5005.396,0
2026.01.25 23:05:53,5005.282,5005.442,0
2026.01.25 23:05:53,5005.323,5005.483,0
2026.01.25 23:05:53,5005.439,5005.599,0
2026.01.25 23:05:53,5005.494,5005.654,0
2026.01.25 23:05:53,5005.528,5005.688,0
2026.01.25 23:05:53,5005.577,5005.737,0
2026.01.25 23:05:53,5005.605,5005.765,0
2026.01.25 23:05:53,5005.631,5005.791,0
2026.01.25 23:05:54,5005.580,5005.740,0
2026.01.25 23:05:54,5005.521,5005.681,0
2026.01.25 23:05:54,5005.444,5005.604,0
2026.01.25 23:05:54,5005.354,5005.514,0
2026.01.25 23:05:54,5005.292,5005.452,0
2026.01.25 23:05:54,5005.255,5005.415,0
2026.01.25 23:05:54,5005.224,5005.384,0
2026.01.25 23:05:54,5005.318,5005.478,0
2026.01.25 23:05:54,5005.410,5005.570,0
2026.01.25 23:05:54,5005.446,5005.606,0
2026.01.25 23:05:54,5005.341,5005.501,0
2026.01.25 23:05:54,5005.281,5005.441,0
2026.01.25 23:05:54,5005.233,5005.393,0
2026.01.25 23:05:54,5005.133,5005.293,0
2026.01.25 23:05:54,5005.083,5005.243,0
2026.01.25 23:05:54,5004.998,5005.158,0
2026.01.25 23:05:54,5004.971,5005.131,0
2026.01.25 23:05:54,5005.055,5005.215,0
2026.01.25 23:05:54,5005.109,5005.269,0
2026.01.25 23:05:54,5005.158,5005.318,0
2026.01.25 23:05:54,5005.110,5005.270,0
2026.01.25 23:05:54,5005.064,5005.224,0
2026.01.25 23:05:54,5005.030,5005.190,0
2026.01.25 23:05:54,5005.087,5005.247,0
2026.01.25 23:05:55,5005.132,5005.292,0
2026.01.25 23:05:55,5005.245,5005.405,0
2026.01.25 23:05:55,5005.348,5005.508,0
2026.01.25 23:05:55,5005.390,5005.550,0
2026.01.25 23:05:55,5005.425,5005.585,0
2026.01.25 23:05:55,5005.464,5005.624,0
2026.01.25 23:05:55,5005.492,5005.652,0
2026.01.25 23:05:55,5005.517,5005.677,0
2026.01.25 23:05:55,5005.552,5005.712,0
2026.01.25 23:05:55,5005.463,5005.623,0
2026.01.25 23:05:55,5005.404,5005.564,0
2026.01.25 23:05:55,5005.362,5005.522,0
2026.01.25 23:05:55,5005.325,5005.485,0
2026.01.25 23:05:55,5005.291,5005.451,0
2026.01.25 23:05:55,5005.365,5005.525,0
2026.01.25 23:05:55,5005.511,5005.671,0
2026.01.25 23:05:55,5005.567,5005.727,0
2026.01.25 23:05:55,5005.651,5005.811,0
2026.01.25 23:05:55,5005.840,5006.000,0
2026.01.25 23:05:55,5005.940,5006.100,0
2026.01.25 23:05:55,5005.894,5006.054,0
2026.01.25 23:05:55,5005.864,5006.024,0
2026.01.25 23:05:55,5005.989,5006.149,0
2026.01.25 23:05:55,5006.129,5006.289,0
2026.01.25 23:05:56,5006.168,5006.328,0
2026.01.25 23:05:56,5006.209,5006.369,0
2026.01.25 23:05:56,5006.239,5006.399,0
2026.01.25 23:05:56,5006.268,5006.428,0
2026.01.25 23:05:56,5006.305,5006.465,0
2026.01.25 23:05:56,5006.332,5006.492,0
2026.01.25 23:05:56,5006.116,5006.276,0
2026.01.25 23:05:56,5005.919,5006.079,0
2026.01.25 23:05:56,5005.671,5005.831,0
2026.01.25 23:05:56,5005.568,5005.728,0
2026.01.25 23:05:56,5005.530,5005.690,0
2026.01.25 23:05:56,5005.479,5005.639,0
2026.01.25 23:05:56,5005.506,5005.666,0
2026.01.25 23:05:56,5005.552,5005.712,0
2026.01.25 23:05:56,5005.526,5005.686,0
2026.01.25 23:05:56,5005.190,5005.350,0
2026.01.25 23:05:56,5004.729,5004.889,0
2026.01.25 23:05:56,5004.672,5004.832,0
2026.01.25 23:05:56,5004.644,5004.804,0
2026.01.25 23:05:56,5004.618,5004.778,0
2026.01.25 23:05:56,5004.588,5004.748,0
2026.01.25 23:05:56,5004.681,5004.841,0
2026.01.25 23:05:56,5004.744,5004.904,0
2026.01.25 23:05:56,5004.711,5004.871,0
2026.01.25 23:05:56,5004.836,5004.996,0
2026.01.25 23:05:56,5004.913,5005.073,0
2026.01.25 23:05:56,5004.954,5005.114,0
2026.01.25 23:05:56,5005.157,5005.317,0
2026.01.25 23:05:56,5005.246,5005.406,0
2026.01.25 23:05:56,5005.308,5005.468,0
2026.01.25 23:05:56,5005.259,5005.419,0
2026.01.25 23:05:56,5005.305,5005.465,0
2026.01.25 23:05:56,5005.514,5005.674,0
2026.01.25 23:05:56,5005.742,5005.902,0
2026.01.25 23:05:56,5005.709,5005.869,0
2026.01.25 23:05:56,5005.678,5005.838,0
2026.01.25 23:05:56,5005.639,5005.799,0
2026.01.25 23:05:56,5005.548,5005.708,0
2026.01.25 23:05:56,5005.427,5005.587,0
2026.01.25 23:05:56,5005.309,5005.469,0
2026.01.25 23:05:56,5005.262,5005.422,0
2026.01.25 23:05:56,5005.147,5005.307,0
2026.01.25 23:05:56,5005.046,5005.206,0
2026.01.25 23:05:56,5005.018,5005.178,0
2026.01.25 23:05:56,5005.192,5005.352,0
2026.01.25 23:05:56,5005.307,5005.467,0
2026.01.25 23:05:56,5005.352,5005.512,0
2026.01.25 23:05:56,5005.303,5005.463,0
2026.01.25 23:05:56,5005.340,5005.500,0
2026.01.25 23:05:56,5005.531,5005.691,0
2026.01.25 23:05:56,5005.704,5005.864,0
2026.01.25 23:05:56,5005.746,5005.906,0
2026.01.25 23:05:56,5005.777,5005.937,0
2026.01.25 23:05:57,5005.804,5005.964,0
2026.01.25 23:05:57,5005.834,5005.994,0
2026.01.25 23:05:57,5005.881,5006.041,0
2026.01.25 23:05:57,5005.774,5005.934,0
2026.01.25 23:05:57,5005.729,5005.889,0
2026.01.25 23:05:57,5005.887,5006.047,0
2026.01.25 23:05:57,5006.161,5006.321,0
2026.01.25 23:05:57,5006.234,5006.394,0
2026.01.25 23:05:57,5006.209,5006.369,0
2026.01.25 23:05:57,5006.184,5006.344,0
2026.01.25 23:05:57,5006.156,5006.316,0
2026.01.25 23:05:57,5006.114,5006.274,0
2026.01.25 23:05:57,5006.061,5006.221,0
2026.01.25 23:05:57,5006.018,5006.178,0
2026.01.25 23:05:57,5005.973,5006.133,0
2026.01.25 23:05:57,5005.922,5006.082,0
2026.01.25 23:05:57,5005.872,5006.032,0
2026.01.25 23:05:57,5005.839,5005.999,0
2026.01.25 23:05:57,5005.799,5005.959,0
2026.01.25 23:05:57,5005.692,5005.852,0
2026.01.25 23:05:57,5005.501,5005.661,0
2026.01.25 23:05:57,5005.306,5005.466,0
2026.01.25 23:05:57,5005.241,5005.401,0
2026.01.25 23:05:57,5005.216,5005.376,0
2026.01.25 23:05:58,5005.186,5005.346,0
2026.01.25 23:05:58,5005.159,5005.319,0
2026.01.25 23:05:58,5005.132,5005.292,0
2026.01.25 23:05:58,5005.159,5005.319,0
2026.01.25 23:05:58,5005.185,5005.345,0
2026.01.25 23:05:58,5005.318,5005.478,0
2026.01.25 23:05:58,5005.418,5005.578,0
2026.01.25 23:05:58,5005.460,5005.620,0
2026.01.25 23:05:58,5005.614,5005.774,0
2026.01.25 23:05:58,5005.690,5005.850,0
2026.01.25 23:05:58,5005.720,5005.880,0
2026.01.25 23:05:58,5005.681,5005.841,0
2026.01.25 23:05:58,5005.717,5005.877,0
2026.01.25 23:05:58,5005.751,5005.911,0
2026.01.25 23:05:58,5005.776,5005.936,0
2026.01.25 23:05:58,5005.805,5005.965,0
2026.01.25 23:05:58,5005.845,5006.005,0
2026.01.25 23:05:58,5005.894,5006.054,0
2026.01.25 23:05:58,5005.938,5006.098,0
2026.01.25 23:05:58,5005.969,5006.129,0
2026.01.25 23:05:58,5006.073,5006.233,0
2026.01.25 23:05:58,5006.170,5006.330,0
2026.01.25 23:05:58,5006.211,5006.371,0
2026.01.25 23:05:58,5006.270,5006.430,0
2026.01.25 23:05:58,5006.295,5006.455,0
2026.01.25 23:05:59,5006.264,5006.424,0
2026.01.25 23:05:59,5006.230,5006.390,0
2026.01.25 23:05:59,5006.156,5006.316,0
2026.01.25 23:05:59,5006.051,5006.211,0
2026.01.25 23:05:59,5005.974,5006.134,0
2026.01.25 23:05:59,5005.930,5006.090,0
2026.01.25 23:05:59,5005.904,5006.064,0
2026.01.25 23:05:59,5005.867,5006.027,0
2026.01.25 23:05:59,5005.836,5005.996,0
2026.01.25 23:05:59,5005.809,5005.969,0
2026.01.25 23:05:59,5005.785,5005.945,0
2026.01.25 23:05:59,5005.745,5005.905,0
2026.01.25 23:05:59,5005.714,5005.874,0
2026.01.25 23:05:59,5005.684,5005.844,0
2026.01.25 23:05:59,5005.646,5005.806,0
2026.01.25 23:05:59,5005.621,5005.781,0
2026.01.25 23:05:59,5005.591,5005.751,0
2026.01.25 23:05:59,5005.565,5005.725,0
2026.01.25 23:05:59,5005.537,5005.697,0
2026.01.25 23:05:59,5005.645,5005.805,0
2026.01.25 23:05:59,5005.821,5005.981,0
2026.01.25 23:05:59,5005.901,5006.061,0
2026.01.25 23:05:59,5005.940,5006.100,0
2026.01.25 23:05:59,5006.004,5006.164,0
2026.01.25 23:05:59,5006.108,5006.268,0
2026.01.25 23:05:59,5006.156,5006.316,0
2026.01.25 23:05:59,5006.265,5006.425,0
2026.01.25 23:05:59,5006.338,5006.498,0
2026.01.25 23:05:59,5006.314,5006.474,0
2026.01.25 23:05:59,5006.281,5006.441,0
2026.01.25 23:05:59,5006.421,5006.581,0
2026.01.25 23:05:59,5006.548,5006.708,0
2026.01.25 23:05:59,5006.577,5006.737,0
2026.01.25 23:06:00,5006.601,5006.761,0
2026.01.25 23:06:00,5006.626,5006.786,0
2026.01.25 23:06:00,5006.657,5006.817,0
2026.01.25 23:06:00,5006.710,5006.870,0
2026.01.25 23:06:00,5006.737,5006.897,0
2026.01.25 23:06:00,5006.781,5006.941,0
2026.01.25 23:06:00,5006.813,5006.973,0
2026.01.25 23:06:00,5006.920,5007.080,0
2026.01.25 23:06:00,5007.082,5007.242,0
2026.01.25 23:06:00,5007.139,5007.299,0
2026.01.25 23:06:00,5007.089,5007.249,0
2026.01.25 23:06:00,5007.063,5007.223,0
2026.01.25 23:06:00,5007.029,5007.189,0
2026.01.25 23:06:00,5006.961,5007.121,0
2026.01.25 23:06:00,5006.851,5007.011,0
2026.01.25 23:06:00,5006.722,5006.882,0
2026.01.25 23:06:00,5006.669,5006.829,0
2026.01.25 23:06:00,5006.636,5006.796,0
2026.01.25 23:06:00,5006.595,5006.755,0
2026.01.25 23:06:00,5006.560,5006.720,0
2026.01.25 23:06:00,5006.535,5006.695,0
2026.01.25 23:06:01,5006.503,5006.663,0
2026.01.25 23:06:01,5006.471,5006.631,0
2026.01.25 23:06:01,5006.436,5006.596,0
2026.01.25 23:06:01,5006.399,5006.559,0
2026.01.25 23:06:01,5006.298,5006.458,0
2026.01.25 23:06:01,5006.205,5006.365,0
2026.01.25 23:06:01,5006.167,5006.327,0
2026.01.25 23:06:01,5006.141,5006.301,0
2026.01.25 23:06:01,5006.098,5006.258,0
2026.01.25 23:06:01,5006.073,5006.233,0
2026.01.25 23:06:01,5005.967,5006.127,0
2026.01.25 23:06:01,5005.759,5005.919,0
2026.01.25 23:06:01,5005.576,5005.736,0
2026.01.25 23:06:01,5005.528,5005.688,0
2026.01.25 23:06:01,5005.370,5005.530,0
2026.01.25 23:06:01,5005.327,5005.487,0
2026.01.25 23:06:01,5005.239,5005.399,0
2026.01.25 23:06:01,5005.104,5005.264,0
2026.01.25 23:06:01,5004.959,5005.119,0
2026.01.25 23:06:01,5004.838,5004.998,0
2026.01.25 23:06:01,5004.804,5004.964,0
2026.01.25 23:06:01,5004.774,5004.934,0
2026.01.25 23:06:02,5004.728,5004.888,0
2026.01.25 23:06:02,5004.703,5004.863,0
2026.01.25 23:06:02,5004.678,5004.838,0
2026.01.25 23:06:02,5004.644,5004.804,0
2026.01.25 23:06:02,5004.600,5004.760,0
2026.01.25 23:06:02,5004.570,5004.730,0
2026.01.25 23:06:02,5004.543,5004.703,0
2026.01.25 23:06:02,5004.516,5004.676,0
2026.01.25 23:06:02,5004.492,5004.652,0
2026.01.25 23:06:02,5004.449,5004.609,0
2026.01.25 23:06:02,5004.364,5004.524,0
2026.01.25 23:06:02,5004.325,5004.485,0
2026.01.25 23:06:02,5004.299,5004.459,0
2026.01.25 23:06:02,5004.247,5004.407,0
2026.01.25 23:06:02,5004.198,5004.358,0
2026.01.25 23:06:02,5004.173,5004.333,0
2026.01.25 23:06:02,5004.145,5004.305,0
2026.01.25 23:06:03,5004.108,5004.268,0
2026.01.25 23:06:03,5004.071,5004.231,0
2026.01.25 23:06:03,5004.045,5004.205,0
2026.01.25 23:06:03,5004.006,5004.166,0
2026.01.25 23:06:03,5003.981,5004.141,0
2026.01.25 23:06:03,5004.072,5004.232,0
2026.01.25 23:06:03,5004.177,5004.337,0
2026.01.25 23:06:03,5004.214,5004.374,0
2026.01.25 23:06:03,5004.252,5004.412,0
2026.01.25 23:06:03,5004.196,5004.356,0
2026.01.25 23:06:03,5004.074,5004.234,0
2026.01.25 23:06:03,5003.995,5004.155,0
2026.01.25 23:06:03,5003.969,5004.129,0
2026.01.25 23:06:04,5003.927,5004.087,0
2026.01.25 23:06:04,5004.002,5004.162,0
2026.01.25 23:06:04,5004.062,5004.222,0
2026.01.25 23:06:04,5004.179,5004.339,0
2026.01.25 23:06:04,5004.212,5004.372,0
2026.01.25 23:06:04,5004.166,5004.326,0
2026.01.25 23:06:04,5004.119,5004.279,0
2026.01.25 23:06:04,5003.977,5004.137,0
2026.01.25 23:06:04,5003.824,5003.984,0
2026.01.25 23:06:04,5003.767,5003.927,0
2026.01.25 23:06:04,5003.741,5003.901,0
2026.01.25 23:06:04,5003.802,5003.962,0
2026.01.25 23:06:04,5003.909,5004.069,0
2026.01.25 23:06:04,5003.948,5004.108,0
2026.01.25 23:06:04,5003.884,5004.044,0
2026.01.25 23:06:04,5003.800,5003.960,0
2026.01.25 23:06:04,5003.773,5003.933,0
2026.01.25 23:06:04,5003.728,5003.888,0
2026.01.25 23:06:05,5003.825,5003.985,0
2026.01.25 23:06:05,5003.992,5004.152,0
2026.01.25 23:06:05,5004.086,5004.246,0
2026.01.25 23:06:05,5004.146,5004.306,0
2026.01.25 23:06:05,5004.172,5004.332,0
2026.01.25 23:06:05,5004.206,5004.366,0
2026.01.25 23:06:05,5004.239,5004.399,0
2026.01.25 23:06:05,5004.278,5004.438,0
2026.01.25 23:06:05,5004.244,5004.404,0
2026.01.25 23:06:05,5004.194,5004.354,0
2026.01.25 23:06:05,5004.135,5004.295,0
2026.01.25 23:06:05,5004.017,5004.177,0
2026.01.25 23:06:05,5003.947,5004.107,0
2026.01.25 23:06:05,5003.904,5004.064,0
2026.01.25 23:06:05,5003.875,5004.035,0
2026.01.25 23:06:05,5003.816,5003.976,0
2026.01.25 23:06:05,5003.792,5003.952,0
2026.01.25 23:06:06,5003.752,5003.912,0
2026.01.25 23:06:06,5003.721,5003.881,0
2026.01.25 23:06:06,5003.680,5003.840,0
2026.01.25 23:06:06,5003.636,5003.796,0
2026.01.25 23:06:06,5003.610,5003.770,0
2026.01.25 23:06:06,5003.575,5003.735,0
2026.01.25 23:06:06,5003.605,5003.765,0
2026.01.25 23:06:07,5003.661,5003.821,0
2026.01.25 23:06:08,5003.743,5003.903,0
2026.01.25 23:06:08,5003.822,5003.982,0
2026.01.25 23:06:08,5004.165,5004.325,0
2026.01.25 23:06:08,5004.257,5004.417,0
2026.01.25 23:06:08,5004.368,5004.528,0
2026.01.25 23:06:08,5004.400,5004.560,0
2026.01.25 23:06:08,5004.508,5004.668,0
2026.01.25 23:06:08,5004.585,5004.745,0
2026.01.25 23:06:08,5004.670,5004.830,0
2026.01.25 23:06:08,5004.783,5004.943,0
2026.01.25 23:06:08,5004.845,5005.005,0
2026.01.25 23:06:08,5004.942,5005.102,0
2026.01.25 23:06:08,5005.082,5005.242,0
2026.01.25 23:06:08,5005.117,5005.277,0
2026.01.25 23:06:08,5005.164,5005.324,0
2026.01.25 23:06:08,5005.097,5005.257,0
2026.01.25 23:06:08,5005.135,5005.295,0
2026.01.25 23:06:08,5005.107,5005.267,0
2026.01.25 23:06:08,5005.016,5005.176,0
2026.01.25 23:06:08,5004.972,5005.132,0
2026.01.25 23:06:08,5005.013,5005.173,0
2026.01.25 23:06:09,5004.944,5005.104,0
2026.01.25 23:06:09,5004.980,5005.140,0
2026.01.25 23:06:09,5005.108,5005.268,0
2026.01.25 23:06:09,5005.160,5005.320,0
2026.01.25 23:06:09,5005.193,5005.353,0
2026.01.25 23:06:09,5005.136,5005.296,0
2026.01.25 23:06:09,5005.047,5005.207,0
2026.01.25 23:06:09,5004.973,5005.133,0
2026.01.25 23:06:09,5004.863,5005.023,0
2026.01.25 23:06:09,5004.796,5004.956,0
2026.01.25 23:06:09,5004.750,5004.910,0
2026.01.25 23:06:09,5004.801,5004.961,0
2026.01.25 23:06:09,5004.854,5005.014,0
2026.01.25 23:06:10,5004.898,5005.058,0
2026.01.25 23:06:10,5004.943,5005.103,0
2026.01.25 23:06:10,5004.982,5005.142,0
2026.01.25 23:06:10,5004.886,5005.046,0
2026.01.25 23:06:10,5004.793,5004.953,0
2026.01.25 23:06:10,5004.752,5004.912,0
2026.01.25 23:06:10,5004.840,5005.000,0
2026.01.25 23:06:10,5004.894,5005.054,0
2026.01.25 23:06:10,5004.983,5005.143,0
2026.01.25 23:06:10,5005.035,5005.195,0
2026.01.25 23:06:10,5005.069,5005.229,0
2026.01.25 23:06:10,5005.139,5005.299,0
2026.01.25 23:06:10,5005.173,5005.333,0
2026.01.25 23:06:10,5005.199,5005.359,0
2026.01.25 23:06:11,5005.231,5005.391,0
2026.01.25 23:06:11,5005.276,5005.436,0
2026.01.25 23:06:11,5005.396,5005.556,0
2026.01.25 23:06:11,5005.483,5005.643,0
2026.01.25 23:06:11,5005.517,5005.677,0
2026.01.25 23:06:11,5005.558,5005.718,0
2026.01.25 23:06:11,5005.604,5005.764,0
2026.01.25 23:06:12,5005.558,5005.718,0
2026.01.25 23:06:12,5005.519,5005.679,0
2026.01.25 23:06:12,5005.459,5005.619,0
2026.01.25 23:06:12,5005.357,5005.517,0
2026.01.25 23:06:12,5005.286,5005.446,0
2026.01.25 23:06:12,5005.239,5005.399,0
2026.01.25 23:06:12,5005.179,5005.339,0
2026.01.25 23:06:12,5005.104,5005.264,0
2026.01.25 23:06:12,5004.982,5005.142,0
2026.01.25 23:06:12,5004.917,5005.077,0
2026.01.25 23:06:12,5004.887,5005.047,0
2026.01.25 23:06:12,5004.800,5004.960,0
2026.01.25 23:06:12,5004.680,5004.840,0
2026.01.25 23:06:12,5004.569,5004.729,0
2026.01.25 23:06:12,5004.490,5004.650,0
2026.01.25 23:06:12,5004.328,5004.488,0
2026.01.25 23:06:12,5004.222,5004.382,0
2026.01.25 23:06:12,5004.169,5004.329,0
2026.01.25 23:06:12,5004.196,5004.356,0
2026.01.25 23:06:12,5004.262,5004.422,0
2026.01.25 23:06:12,5004.289,5004.449,0
2026.01.25 23:06:13,5004.348,5004.508,0
2026.01.25 23:06:13,5004.405,5004.565,0
2026.01.25 23:06:13,5004.369,5004.529,0
2026.01.25 23:06:13,5004.318,5004.478,0
2026.01.25 23:06:13,5004.394,5004.554,0
2026.01.25 23:06:13,5004.529,5004.689,0
2026.01.25 23:06:13,5004.625,5004.785,0
2026.01.25 23:06:13,5004.655,5004.815,0
2026.01.25 23:06:13,5004.748,5004.908,0
2026.01.25 23:06:13,5004.799,5004.959,0
2026.01.25 23:06:13,5004.829,5004.989,0
2026.01.25 23:06:14,5004.798,5004.958,0
2026.01.25 23:06:14,5004.752,5004.912,0
2026.01.25 23:06:14,5004.823,5004.983,0
2026.01.25 23:06:14,5004.766,5004.926,0
2026.01.25 23:06:14,5004.826,5004.986,0
2026.01.25 23:06:14,5004.863,5005.023,0
2026.01.25 23:06:14,5005.008,5005.168,0
2026.01.25 23:06:14,5005.245,5005.405,0
2026.01.25 23:06:14,5005.270,5005.430,0
2026.01.25 23:06:14,5005.493,5005.653,0
2026.01.25 23:06:14,5005.612,5005.772,0
2026.01.25 23:06:14,5005.644,5005.804,0
2026.01.25 23:06:14,5005.614,5005.774,0
2026.01.25 23:06:14,5005.416,5005.576,0
2026.01.25 23:06:14,5005.084,5005.244,0
2026.01.25 23:06:14,5005.120,5005.280,0
2026.01.25 23:06:14,5005.169,5005.329,0
2026.01.25 23:06:14,5005.211,5005.371,0
2026.01.25 23:06:14,5005.283,5005.443,0
2026.01.25 23:06:14,5005.366,5005.526,0
2026.01.25 23:06:14,5005.428,5005.588,0
2026.01.25 23:06:14,5005.660,5005.820,0
2026.01.25 23:06:14,5005.770,5005.930,0
2026.01.25 23:06:14,5005.996,5006.156,0
2026.01.25 23:06:14,5006.065,5006.225,0
2026.01.25 23:06:14,5006.094,5006.254,0
2026.01.25 23:06:14,5006.015,5006.175,0
2026.01.25 23:06:14,5006.040,5006.200,0
2026.01.25 23:06:14,5006.098,5006.258,0
2026.01.25 23:06:14,5006.125,5006.285,0
2026.01.25 23:06:14,5006.151,5006.311,0
2026.01.25 23:06:14,5006.125,5006.285,0
2026.01.25 23:06:14,5006.054,5006.214,0
2026.01.25 23:06:14,5006.000,5006.160,0
2026.01.25 23:06:14,5005.958,5006.118,0
2026.01.25 23:06:14,5005.852,5006.012,0
2026.01.25 23:06:15,5005.515,5005.675,0
2026.01.25 23:06:15,5005.106,5005.266,0
2026.01.25 23:06:15,5005.027,5005.187,0
2026.01.25 23:06:15,5004.850,5005.010,0
2026.01.25 23:06:15,5004.797,5004.957,0
2026.01.25 23:06:15,5004.825,5004.985,0
2026.01.25 23:06:15,5004.907,5005.067,0
2026.01.25 23:06:15,5004.932,5005.092,0
2026.01.25 23:06:15,5004.877,5005.037,0
2026.01.25 23:06:15,5005.041,5005.201,0
2026.01.25 23:06:15,5005.129,5005.289,0
2026.01.25 23:06:15,5005.090,5005.250,0
2026.01.25 23:06:15,5005.022,5005.182,0
2026.01.25 23:06:15,5004.982,5005.142,0
2026.01.25 23:06:15,5004.849,5005.009,0
2026.01.25 23:06:15,5004.786,5004.946,0
2026.01.25 23:06:15,5004.755,5004.915,0
2026.01.25 23:06:15,5004.802,5004.962,0
2026.01.25 23:06:15,5004.777,5004.937,0
2026.01.25 23:06:15,5004.945,5005.105,0
2026.01.25 23:06:15,5005.073,5005.233,0
2026.01.25 23:06:15,5005.105,5005.265,0
2026.01.25 23:06:16,5005.190,5005.350,0
2026.01.25 23:06:16,5005.271,5005.431,0
2026.01.25 23:06:16,5005.297,5005.457,0
2026.01.25 23:06:16,5005.330,5005.490,0
2026.01.25 23:06:16,5005.359,5005.519,0
2026.01.25 23:06:16,5005.388,5005.548,0
2026.01.25 23:06:16,5005.414,5005.574,0
2026.01.25 23:06:16,5005.442,5005.602,0
2026.01.25 23:06:16,5005.487,5005.647,0
2026.01.25 23:06:16,5005.519,5005.679,0
2026.01.25 23:06:16,5005.562,5005.722,0
2026.01.25 23:06:16,5005.624,5005.784,0
2026.01.25 23:06:16,5005.669,5005.829,0
2026.01.25 23:06:16,5005.700,5005.860,0
2026.01.25 23:06:16,5005.731,5005.891,0
2026.01.25 23:06:16,5005.782,5005.942,0
2026.01.25 23:06:16,5005.852,5006.012,0
2026.01.25 23:06:16,5005.879,5006.039,0
2026.01.25 23:06:16,5005.903,5006.063,0
2026.01.25 23:06:16,5005.930,5006.090,0
2026.01.25 23:06:16,5005.902,5006.062,0
2026.01.25 23:06:16,5005.815,5005.975,0
2026.01.25 23:06:16,5005.764,5005.924,0
2026.01.25 23:06:16,5005.708,5005.868,0
2026.01.25 23:06:16,5005.674,5005.834,0
2026.01.25 23:06:17,5005.722,5005.882,0
2026.01.25 23:06:17,5005.790,5005.950,0
2026.01.25 23:06:17,5005.835,5005.995,0
2026.01.25 23:06:17,5005.916,5006.076,0
2026.01.25 23:06:17,5005.961,5006.121,0
2026.01.25 23:06:17,5005.832,5005.992,0
2026.01.25 23:06:17,5005.739,5005.899,0
2026.01.25 23:06:17,5005.695,5005.855,0
2026.01.25 23:06:18,5005.662,5005.822,0
2026.01.25 23:06:18,5005.614,5005.774,0
2026.01.25 23:06:18,5005.584,5005.744,0
2026.01.25 23:06:18,5005.512,5005.672,0
2026.01.25 23:06:18,5005.558,5005.718,0
2026.01.25 23:06:18,5005.604,5005.764,0
2026.01.25 23:06:18,5005.570,5005.730,0
2026.01.25 23:06:18,5005.635,5005.795,0
2026.01.25 23:06:18,5005.676,5005.836,0
2026.01.25 23:06:19,5005.833,5005.993,0
2026.01.25 23:06:19,5005.928,5006.088,0
2026.01.25 23:06:19,5006.061,5006.221,0
2026.01.25 23:06:19,5006.170,5006.330,0
2026.01.25 23:06:19,5006.221,5006.381,0
2026.01.25 23:06:19,5006.246,5006.406,0
2026.01.25 23:06:19,5006.273,5006.433,0
2026.01.25 23:06:19,5006.324,5006.484,0
2026.01.25 23:06:19,5006.362,5006.522,0
2026.01.25 23:06:19,5006.411,5006.571,0
2026.01.25 23:06:19,5006.440,5006.600,0
2026.01.25 23:06:19,5006.470,5006.630,0
2026.01.25 23:06:19,5006.521,5006.681,0
2026.01.25 23:06:19,5006.558,5006.718,0
2026.01.25 23:06:19,5006.584,5006.744,0
2026.01.25 23:06:19,5006.671,5006.831,0
2026.01.25 23:06:19,5006.728,5006.888,0
2026.01.25 23:06:19,5006.841,5007.001,0
2026.01.25 23:06:19,5006.930,5007.090,0
2026.01.25 23:06:19,5006.958,5007.118,0
2026.01.25 23:06:19,5006.887,5007.047,0
2026.01.25 23:06:19,5006.842,5007.002,0
2026.01.25 23:06:19,5006.709,5006.869,0
2026.01.25 23:06:19,5006.613,5006.773,0
2026.01.25 23:06:19,5006.582,5006.742,0
2026.01.25 23:06:19,5006.513,5006.673,0
2026.01.25 23:06:19,5006.456,5006.616,0
2026.01.25 23:06:19,5006.518,5006.678,0
2026.01.25 23:06:19,5006.573,5006.733,0
2026.01.25 23:06:19,5006.619,5006.779,0
2026.01.25 23:06:19,5006.656,5006.816,0
2026.01.25 23:06:19,5006.705,5006.865,0
2026.01.25 23:06:19,5006.737,5006.897,0
2026.01.25 23:06:19,5006.823,5006.983,0
2026.01.25 23:06:19,5006.861,5007.021,0
2026.01.25 23:06:19,5006.932,5007.092,0
2026.01.25 23:06:19,5006.972,5007.132,0
2026.01.25 23:06:19,5007.001,5007.161,0
2026.01.25 23:06:19,5007.037,5007.197,0
2026.01.25 23:06:19,5007.070,5007.230,0
2026.01.25 23:06:19,5007.108,5007.268,0
2026.01.25 23:06:19,5007.144,5007.304,0
2026.01.25 23:06:19,5007.181,5007.341,0
2026.01.25 23:06:19,5007.045,5007.205,0
2026.01.25 23:06:19,5006.712,5006.872,0
2026.01.25 23:06:19,5006.626,5006.786,0
2026.01.25 23:06:19,5006.675,5006.835,0
2026.01.25 23:06:19,5006.574,5006.734,0
2026.01.25 23:06:19,5006.519,5006.679,0
2026.01.25 23:06:19,5006.568,5006.728,0
2026.01.25 23:06:19,5006.650,5006.810,0
2026.01.25 23:06:19,5006.825,5006.985,0
2026.01.25 23:06:19,5006.883,5007.043,0
2026.01.25 23:06:19,5006.816,5006.976,0
2026.01.25 23:06:19,5006.744,5006.904,0
2026.01.25 23:06:20,5006.689,5006.849,0
2026.01.25 23:06:20,5006.365,5006.525,0
2026.01.25 23:06:20,5006.246,5006.406,0
2026.01.25 23:06:20,5006.211,5006.371,0
2026.01.25 23:06:20,5006.179,5006.339,0
2026.01.25 23:06:20,5006.154,5006.314,0
2026.01.25 23:06:20,5006.127,5006.287,0
2026.01.25 23:06:20,5006.089,5006.249,0
2026.01.25 23:06:20,5005.915,5006.075,0
2026.01.25 23:06:20,5005.851,5006.011,0
2026.01.25 23:06:20,5005.903,5006.063,0
2026.01.25 23:06:20,5005.946,5006.106,0
2026.01.25 23:06:20,5005.920,5006.080,0
2026.01.25 23:06:20,5005.696,5005.856,0
2026.01.25 23:06:20,5005.467,5005.627,0
2026.01.25 23:06:20,5005.419,5005.579,0
2026.01.25 23:06:20,5005.392,5005.552,0
2026.01.25 23:06:20,5005.367,5005.527,0
2026.01.25 23:06:20,5005.336,5005.496,0
2026.01.25 23:06:20,5005.425,5005.585,0
2026.01.25 23:06:20,5005.467,5005.627,0
2026.01.25 23:06:20,5005.535,5005.695,0
2026.01.25 23:06:20,5005.581,5005.741,0
2026.01.25 23:06:20,5005.621,5005.781,0
2026.01.25 23:06:20,5005.670,5005.830,0
2026.01.25 23:06:20,5005.617,5005.777,0
2026.01.25 23:06:20,5005.577,5005.737,0
2026.01.25 23:06:21,5005.541,5005.701,0
2026.01.25 23:06:21,5005.624,5005.784,0
2026.01.25 23:06:21,5005.756,5005.916,0
2026.01.25 23:06:21,5005.790,5005.950,0
2026.01.25 23:06:21,5005.836,5005.996,0
2026.01.25 23:06:21,5005.865,5006.025,0
2026.01.25 23:06:21,5005.893,5006.053,0
2026.01.25 23:06:21,5005.928,5006.088,0
2026.01.25 23:06:21,5005.980,5006.140,0
2026.01.25 23:06:21,5006.096,5006.256,0
2026.01.25 23:06:21,5006.154,5006.314,0
2026.01.25 23:06:21,5006.260,5006.420,0
2026.01.25 23:06:21,5006.413,5006.573,0
2026.01.25 23:06:21,5006.502,5006.662,0
2026.01.25 23:06:21,5006.534,5006.694,0
2026.01.25 23:06:21,5006.564,5006.724,0
2026.01.25 23:06:21,5006.595,5006.755,0
2026.01.25 23:06:21,5006.567,5006.727,0
2026.01.25 23:06:21,5006.536,5006.696,0
2026.01.25 23:06:22,5006.491,5006.651,0
2026.01.25 23:06:22,5006.441,5006.601,0
2026.01.25 23:06:22,5006.346,5006.506,0
2026.01.25 23:06:22,5006.264,5006.424,0
2026.01.25 23:06:22,5006.225,5006.385,0
2026.01.25 23:06:22,5006.193,5006.353,0
2026.01.25 23:06:22,5006.158,5006.318,0
2026.01.25 23:06:22,5006.124,5006.284,0
2026.01.25 23:06:22,5006.090,5006.250,0
2026.01.25 23:06:22,5006.056,5006.216,0
2026.01.25 23:06:22,5005.976,5006.136,0
2026.01.25 23:06:22,5005.873,5006.033,0
2026.01.25 23:06:22,5005.766,5005.926,0
2026.01.25 23:06:22,5005.724,5005.884,0
2026.01.25 23:06:22,5005.692,5005.852,0
2026.01.25 23:06:22,5005.738,5005.898,0
2026.01.25 23:06:22,5005.802,5005.962,0
2026.01.25 23:06:22,5005.867,5006.027,0
2026.01.25 23:06:22,5005.909,5006.069,0
2026.01.25 23:06:23,5005.843,5006.003,0
2026.01.25 23:06:23,5005.806,5005.966,0
2026.01.25 23:06:24,5005.862,5006.022,0
2026.01.25 23:06:24,5005.906,5006.066,0
2026.01.25 23:06:24,5006.018,5006.178,0
2026.01.25 23:06:24,5006.160,5006.320,0
2026.01.25 23:06:24,5006.218,5006.378,0
2026.01.25 23:06:24,5006.245,5006.405,0
2026.01.25 23:06:24,5006.271,5006.431,0
2026.01.25 23:06:24,5006.227,5006.387,0
2026.01.25 23:06:24,5006.177,5006.337,0
2026.01.25 23:06:24,5006.297,5006.457,0
2026.01.25 23:06:24,5006.530,5006.690,0
2026.01.25 23:06:24,5006.620,5006.780,0
2026.01.25 23:06:24,5006.569,5006.729,0
2026.01.25 23:06:24,5006.622,5006.782,0
2026.01.25 23:06:24,5006.701,5006.861,0
2026.01.25 23:06:24,5006.768,5006.928,0
2026.01.25 23:06:24,5006.734,5006.894,0
2026.01.25 23:06:25,5006.765,5006.925,0
2026.01.25 23:06:25,5006.791,5006.951,0
2026.01.25 23:06:25,5006.816,5006.976,0
2026.01.25 23:06:25,5006.771,5006.931,0
2026.01.25 23:06:25,5006.675,5006.835,0
2026.01.25 23:06:25,5006.609,5006.769,0
2026.01.25 23:06:25,5006.540,5006.700,0
2026.01.25 23:06:25,5006.508,5006.668,0
2026.01.25 23:06:25,5006.479,5006.639,0
2026.01.25 23:06:25,5006.527,5006.687,0
2026.01.25 23:06:25,5006.575,5006.735,0
2026.01.25 23:06:25,5006.624,5006.784,0
2026.01.25 23:06:25,5006.686,5006.846,0
2026.01.25 23:06:25,5006.741,5006.901,0
2026.01.25 23:06:25,5006.775,5006.935,0
2026.01.25 23:06:25,5006.808,5006.968,0
2026.01.25 23:06:25,5006.837,5006.997,0
2026.01.25 23:06:25,5006.777,5006.937,0
2026.01.25 23:06:25,5006.816,5006.976,0
2026.01.25 23:06:25,5006.860,5007.020,0
2026.01.25 23:06:25,5006.791,5006.951,0
2026.01.25 23:06:25,5006.748,5006.908,0
2026.01.25 23:06:25,5006.797,5006.957,0
2026.01.25 23:06:25,5006.870,5007.030,0
2026.01.25 23:06:25,5006.922,5007.082,0
2026.01.25 23:06:25,5006.978,5007.138,0
2026.01.25 23:06:25,5007.008,5007.168,0
2026.01.25 23:06:26,5007.044,5007.204,0
2026.01.25 23:06:26,5007.164,5007.324,0
2026.01.25 23:06:26,5007.294,5007.454,0
2026.01.25 23:06:26,5007.265,5007.425,0
2026.01.25 23:06:26,5007.343,5007.503,0
2026.01.25 23:06:26,5007.400,5007.560,0
2026.01.25 23:06:26,5007.546,5007.706,0
2026.01.25 23:06:26,5007.624,5007.784,0
2026.01.25 23:06:26,5007.651,5007.811,0
2026.01.25 23:06:26,5007.561,5007.721,0
2026.01.25 23:06:26,5007.352,5007.512,0
2026.01.25 23:06:26,5007.251,5007.411,0
2026.01.25 23:06:26,5007.219,5007.379,0
2026.01.25 23:06:26,5007.144,5007.304,0
2026.01.25 23:06:26,5007.076,5007.236,0
2026.01.25 23:06:26,5007.049,5007.209,0
2026.01.25 23:06:26,5007.119,5007.279,0
2026.01.25 23:06:26,5007.177,5007.337,0
2026.01.25 23:06:26,5007.324,5007.484,0
2026.01.25 23:06:26,5007.429,5007.589,0
2026.01.25 23:06:26,5007.467,5007.627,0
2026.01.25 23:06:26,5007.611,5007.771,0
2026.01.25 23:06:26,5007.687,5007.847,0
2026.01.25 23:06:26,5007.628,5007.788,0
2026.01.25 23:06:26,5007.653,5007.813,0
2026.01.25 23:06:26,5007.788,5007.948,0
2026.01.25 23:06:26,5007.849,5008.009,0
2026.01.25 23:06:26,5007.880,5008.040,0
2026.01.25 23:06:26,5008.048,5008.208,0
2026.01.25 23:06:26,5008.225,5008.385,0
2026.01.25 23:06:26,5008.278,5008.438,0
2026.01.25 23:06:26,5008.351,5008.511,0
2026.01.25 23:06:26,5008.554,5008.714,0
2026.01.25 23:06:26,5008.639,5008.799,0
2026.01.25 23:06:26,5008.783,5008.943,0
2026.01.25 23:06:26,5008.819,5008.979,0
2026.01.25 23:06:26,5008.795,5008.955,0
2026.01.25 23:06:27,5008.892,5009.052,0
2026.01.25 23:06:27,5008.975,5009.135,0
2026.01.25 23:06:27,5009.068,5009.228,0
2026.01.25 23:06:27,5009.095,5009.255,0
2026.01.25 23:06:27,5009.065,5009.225,0
2026.01.25 23:06:27,5009.034,5009.194,0
2026.01.25 23:06:27,5008.998,5009.158,0
2026.01.25 23:06:27,5008.935,5009.095,0
2026.01.25 23:06:27,5008.888,5009.048,0
2026.01.25 23:06:27,5008.844,5009.004,0
2026.01.25 23:06:27,5008.801,5008.961,0
2026.01.25 23:06:27,5008.758,5008.918,0
2026.01.25 23:06:27,5008.728,5008.888,0
2026.01.25 23:06:27,5008.987,5009.147,0
2026.01.25 23:06:27,5009.507,5009.667,0
2026.01.25 23:06:27,5009.593,5009.753,0
2026.01.25 23:06:27,5010.065,5010.225,0
2026.01.25 23:06:27,5010.172,5010.332,0
2026.01.25 23:06:27,5010.211,5010.371,0
2026.01.25 23:06:27,5010.364,5010.524,0
2026.01.25 23:06:27,5010.401,5010.561,0
2026.01.25 23:06:27,5010.554,5010.714,0
2026.01.25 23:06:28,5010.591,5010.751,0
2026.01.25 23:06:28,5010.523,5010.683,0
2026.01.25 23:06:28,5010.802,5010.962,0
2026.01.25 23:06:28,5010.953,5011.113,0
2026.01.25 23:06:28,5010.988,5011.148,0
2026.01.25 23:06:28,5011.039,5011.199,0
2026.01.25 23:06:28,5011.084,5011.244,0
2026.01.25 23:06:28,5011.060,5011.220,0
2026.01.25 23:06:28,5011.021,5011.181,0
2026.01.25 23:06:28,5010.967,5011.127,0
2026.01.25 23:06:28,5010.907,5011.067,0
2026.01.25 23:06:28,5010.868,5011.028,0
2026.01.25 23:06:28,5010.830,5010.990,0
2026.01.25 23:06:28,5010.796,5010.956,0
2026.01.25 23:06:28,5010.759,5010.919,0
2026.01.25 23:06:28,5010.630,5010.790,0
2026.01.25 23:06:28,5010.491,5010.651,0
2026.01.25 23:06:28,5010.435,5010.595,0
2026.01.25 23:06:28,5010.342,5010.502,0
2026.01.25 23:06:28,5010.294,5010.454,0
2026.01.25 23:06:28,5010.266,5010.426,0
2026.01.25 23:06:28,5010.240,5010.400,0
2026.01.25 23:06:28,5010.209,5010.369,0
2026.01.25 23:06:28,5010.181,5010.341,0
2026.01.25 23:06:28,5010.144,5010.304,0
2026.01.25 23:06:28,5010.109,5010.269,0
2026.01.25 23:06:28,5010.083,5010.243,0
2026.01.25 23:06:28,5010.051,5010.211,0
2026.01.25 23:06:28,5010.003,5010.163,0
2026.01.25 23:06:28,5009.831,5009.991,0
2026.01.25 23:06:28,5009.744,5009.904,0
2026.01.25 23:06:28,5009.713,5009.873,0
2026.01.25 23:06:28,5009.685,5009.845,0
2026.01.25 23:06:28,5009.661,5009.821,0
2026.01.25 23:06:29,5009.636,5009.796,0
2026.01.25 23:06:29,5009.588,5009.748,0
2026.01.25 23:06:29,5009.391,5009.551,0
2026.01.25 23:06:29,5009.313,5009.473,0
2026.01.25 23:06:29,5009.288,5009.448,0
2026.01.25 23:06:29,5009.251,5009.411,0
2026.01.25 23:06:29,5009.201,5009.361,0
2026.01.25 23:06:29,5009.158,5009.318,0
2026.01.25 23:06:29,5009.224,5009.384,0
2026.01.25 23:06:29,5009.314,5009.474,0
2026.01.25 23:06:29,5009.486,5009.646,0
2026.01.25 23:06:29,5009.562,5009.722,0
2026.01.25 23:06:29,5009.616,5009.776,0
2026.01.25 23:06:29,5009.642,5009.802,0
2026.01.25 23:06:29,5009.667,5009.827,0
2026.01.25 23:06:29,5009.937,5010.097,0
2026.01.25 23:06:29,5010.338,5010.498,0
2026.01.25 23:06:29,5010.468,5010.628,0
2026.01.25 23:06:29,5010.565,5010.725,0
2026.01.25 23:06:29,5011.083,5011.243,0
2026.01.25 23:06:29,5011.167,5011.327,0
2026.01.25 23:06:29,5011.126,5011.286,0
2026.01.25 23:06:29,5011.060,5011.220,0
2026.01.25 23:06:29,5011.005,5011.165,0
2026.01.25 23:06:29,5010.940,5011.100,0
2026.01.25 23:06:29,5010.914,5011.074,0
2026.01.25 23:06:29,5010.951,5011.111,0
2026.01.25 23:06:29,5010.882,5011.042,0
2026.01.25 23:06:29,5010.807,5010.967,0
2026.01.25 23:06:29,5010.934,5011.094,0
2026.01.25 23:06:29,5011.084,5011.244,0
2026.01.25 23:06:29,5011.283,5011.443,0
2026.01.25 23:06:29,5011.351,5011.511,0
2026.01.25 23:06:29,5011.379,5011.539,0
2026.01.25 23:06:29,5011.411,5011.571,0
2026.01.25 23:06:29,5011.384,5011.544,0
2026.01.25 23:06:29,5011.199,5011.359,0
2026.01.25 23:06:29,5010.855,5011.015,0
2026.01.25 23:06:30,5010.761,5010.921,0
2026.01.25 23:06:30,5010.908,5011.068,0
2026.01.25 23:06:30,5011.096,5011.256,0
2026.01.25 23:06:30,5011.137,5011.297,0
2026.01.25 23:06:30,5011.383,5011.543,0
2026.01.25 23:06:30,5011.464,5011.624,0
2026.01.25 23:06:30,5011.370,5011.530,0
2026.01.25 23:06:30,5011.230,5011.390,0
2026.01.25 23:06:30,5011.183,5011.343,0
2026.01.25 23:06:30,5010.907,5011.067,0
2026.01.25 23:06:30,5010.840,5011.000,0
2026.01.25 23:06:30,5010.868,5011.028,0
2026.01.25 23:06:30,5010.908,5011.068,0
2026.01.25 23:06:30,5010.872,5011.032,0
2026.01.25 23:06:30,5010.824,5010.984,0
2026.01.25 23:06:30,5010.786,5010.946,0
2026.01.25 23:06:30,5010.826,5010.986,0
2026.01.25 23:06:30,5010.788,5010.948,0
2026.01.25 23:06:30,5010.758,5010.918,0
2026.01.25 23:06:30,5010.822,5010.982,0
2026.01.25 23:06:30,5010.777,5010.937,0
2026.01.25 23:06:30,5010.695,5010.855,0
2026.01.25 23:06:30,5010.670,5010.830,0
2026.01.25 23:06:30,5010.551,5010.711,0
2026.01.25 23:06:30,5010.478,5010.638,0
2026.01.25 23:06:30,5010.454,5010.614,0
2026.01.25 23:06:30,5010.291,5010.451,0
2026.01.25 23:06:30,5010.087,5010.247,0
2026.01.25 23:06:30,5010.040,5010.200,0
2026.01.25 23:06:30,5009.992,5010.152,0
2026.01.25 23:06:30,5009.840,5010.000,0
2026.01.25 23:06:30,5009.787,5009.947,0
2026.01.25 23:06:30,5009.762,5009.922,0
2026.01.25 23:06:30,5009.715,5009.875,0
2026.01.25 23:06:30,5009.665,5009.825,0
2026.01.25 23:06:30,5009.618,5009.778,0
2026.01.25 23:06:30,5009.524,5009.684,0
2026.01.25 23:06:30,5009.438,5009.598,0
2026.01.25 23:06:30,5009.413,5009.573,0
2026.01.25 23:06:30,5009.526,5009.686,0
2026.01.25 23:06:30,5009.637,5009.797,0
2026.01.25 23:06:31,5009.807,5009.967,0
2026.01.25 23:06:31,5009.850,5010.010,0
2026.01.25 23:06:31,5009.949,5010.109,0
2026.01.25 23:06:31,5010.025,5010.185,0
2026.01.25 23:06:31,5010.056,5010.216,0
2026.01.25 23:06:31,5010.027,5010.187,0
2026.01.25 23:06:31,5010.132,5010.292,0
2026.01.25 23:06:31,5010.176,5010.336,0
2026.01.25 23:06:31,5010.216,5010.376,0
2026.01.25 23:06:31,5010.187,5010.347,0
2026.01.25 23:06:31,5010.134,5010.294,0
2026.01.25 23:06:31,5010.339,5010.499,0
2026.01.25 23:06:31,5010.395,5010.555,0
2026.01.25 23:06:31,5010.531,5010.691,0
2026.01.25 23:06:31,5010.605,5010.765,0
2026.01.25 23:06:31,5010.693,5010.853,0
2026.01.25 23:06:31,5010.868,5011.028,0
2026.01.25 23:06:31,5011.216,5011.376,0
2026.01.25 23:06:31,5011.324,5011.484,0
2026.01.25 23:06:31,5011.349,5011.509,0
2026.01.25 23:06:31,5011.222,5011.382,0
2026.01.25 23:06:31,5011.268,5011.428,0
2026.01.25 23:06:31,5011.182,5011.342,0
2026.01.25 23:06:31,5011.150,5011.310,0
2026.01.25 23:06:31,5010.833,5010.993,0
2026.01.25 23:06:31,5010.735,5010.895,0
2026.01.25 23:06:31,5010.774,5010.934,0
2026.01.25 23:06:32,5010.634,5010.794,0
2026.01.25 23:06:32,5010.588,5010.748,0
2026.01.25 23:06:32,5010.414,5010.574,0
2026.01.25 23:06:32,5010.360,5010.520,0
2026.01.25 23:06:32,5010.384,5010.544,0
2026.01.25 23:06:32,5010.345,5010.505,0
2026.01.25 23:06:32,5010.307,5010.467,0
2026.01.25 23:06:32,5010.265,5010.425,0
2026.01.25 23:06:32,5010.222,5010.382,0
2026.01.25 23:06:32,5010.168,5010.328,0
2026.01.25 23:06:32,5010.140,5010.300,0
2026.01.25 23:06:32,5010.110,5010.270,0
2026.01.25 23:06:32,5010.152,5010.312,0
2026.01.25 23:06:33,5010.205,5010.365,0
2026.01.25 23:06:33,5010.257,5010.417,0
2026.01.25 23:06:33,5010.298,5010.458,0
2026.01.25 23:06:33,5010.191,5010.351,0
2026.01.25 23:06:33,5010.030,5010.190,0
2026.01.25 23:06:33,5009.994,5010.154,0
2026.01.25 23:06:33,5010.167,5010.327,0
2026.01.25 23:06:33,5010.209,5010.369,0
2026.01.25 23:06:33,5010.253,5010.413,0
2026.01.25 23:06:33,5010.286,5010.446,0
2026.01.25 23:06:33,5010.329,5010.489,0
2026.01.25 23:06:33,5010.480,5010.640,0
2026.01.25 23:06:33,5010.767,5010.927,0
2026.01.25 23:06:33,5011.207,5011.367,0
2026.01.25 23:06:33,5011.287,5011.447,0
2026.01.25 23:06:33,5011.262,5011.422,0
2026.01.25 23:06:33,5011.173,5011.333,0
2026.01.25 23:06:33,5011.760,5011.920,0
2026.01.25 23:06:33,5011.927,5012.087,0
2026.01.25 23:06:33,5011.954,5012.114,0
2026.01.25 23:06:33,5012.383,5012.543,0
2026.01.25 23:06:33,5012.469,5012.629,0
2026.01.25 23:06:33,5012.530,5012.690,0
2026.01.25 23:06:33,5012.555,5012.715,0
2026.01.25 23:06:33,5012.633,5012.793,0
2026.01.25 23:06:33,5012.926,5013.086,0
2026.01.25 23:06:33,5013.007,5013.167,0
2026.01.25 23:06:33,5012.969,5013.129,0
2026.01.25 23:06:33,5013.172,5013.332,0
2026.01.25 23:06:33,5013.316,5013.476,0
2026.01.25 23:06:33,5013.271,5013.431,0
2026.01.25 23:06:33,5013.299,5013.459,0
2026.01.25 23:06:33,5013.325,5013.485,0
2026.01.25 23:06:34,5012.900,5013.060,0
2026.01.25 23:06:34,5012.796,5012.956,0
2026.01.25 23:06:34,5012.758,5012.918,0
2026.01.25 23:06:34,5012.689,5012.849,0
2026.01.25 23:06:34,5012.649,5012.809,0
2026.01.25 23:06:34,5012.622,5012.782,0
2026.01.25 23:06:34,5012.598,5012.758,0
2026.01.25 23:06:34,5012.532,5012.692,0
2026.01.25 23:06:34,5012.472,5012.632,0
2026.01.25 23:06:34,5012.445,5012.605,0
2026.01.25 23:06:34,5012.377,5012.537,0
2026.01.25 23:06:34,5012.181,5012.341,0
2026.01.25 23:06:34,5012.143,5012.303,0
2026.01.25 23:06:34,5012.071,5012.231,0
2026.01.25 23:06:34,5012.001,5012.161,0
2026.01.25 23:06:34,5011.823,5011.983,0
2026.01.25 23:06:34,5011.767,5011.927,0
2026.01.25 23:06:34,5011.584,5011.744,0
2026.01.25 23:06:34,5011.480,5011.640,0
2026.01.25 23:06:34,5011.531,5011.691,0
2026.01.25 23:06:34,5011.490,5011.650,0
2026.01.25 23:06:34,5011.543,5011.703,0
2026.01.25 23:06:34,5011.795,5011.955,0
2026.01.25 23:06:34,5011.934,5012.094,0
2026.01.25 23:06:34,5011.875,5012.035,0
2026.01.25 23:06:34,5011.825,5011.985,0
2026.01.25 23:06:34,5011.772,5011.932,0
2026.01.25 23:06:34,5011.834,5011.994,0
2026.01.25 23:06:34,5011.886,5012.046,0
2026.01.25 23:06:34,5011.720,5011.880,0
2026.01.25 23:06:34,5011.528,5011.688,0
2026.01.25 23:06:34,5011.463,5011.623,0
2026.01.25 23:06:34,5011.278,5011.438,0
2026.01.25 23:06:34,5011.200,5011.360,0
2026.01.25 23:06:34,5011.174,5011.334,0
2026.01.25 23:06:34,5011.201,5011.361,0
2026.01.25 23:06:34,5011.228,5011.388,0
2026.01.25 23:06:34,5011.184,5011.344,0
2026.01.25 23:06:34,5011.155,5011.315,0
2026.01.25 23:06:34,5011.093,5011.253,0
2026.01.25 23:06:34,5011.054,5011.214,0
2026.01.25 23:06:34,5011.030,5011.190,0
2026.01.25 23:06:34,5010.982,5011.142,0
2026.01.25 23:06:34,5010.961,5011.121,0
2026.01.25 23:06:34,5010.910,5011.070,0
2026.01.25 23:06:34,5010.882,5011.042,0
2026.01.25 23:06:34,5010.856,5011.016,0
2026.01.25 23:06:34,5010.944,5011.104,0
2026.01.25 23:06:34,5011.106,5011.266,0
2026.01.25 23:06:35,5011.145,5011.305,0
2026.01.25 23:06:35,5011.093,5011.253,0
2026.01.25 23:06:35,5011.283,5011.443,0
2026.01.25 23:06:35,5011.389,5011.549,0
2026.01.25 23:06:35,5011.419,5011.579,0
2026.01.25 23:06:35,5011.491,5011.651,0
2026.01.25 23:06:35,5011.543,5011.703,0
2026.01.25 23:06:35,5011.617,5011.777,0
2026.01.25 23:06:35,5011.682,5011.842,0
2026.01.25 23:06:35,5011.715,5011.875,0
2026.01.25 23:06:35,5011.741,5011.901,0
2026.01.25 23:06:35,5011.767,5011.927,0
2026.01.25 23:06:35,5011.792,5011.952,0
2026.01.25 23:06:35,5011.833,5011.993,0
2026.01.25 23:06:35,5011.860,5012.020,0
2026.01.25 23:06:35,5011.832,5011.992,0
2026.01.25 23:06:35,5011.753,5011.913,0
2026.01.25 23:06:36,5011.947,5012.107,0
2026.01.25 23:06:36,5011.997,5012.157,0
2026.01.25 23:06:36,5012.140,5012.300,0
2026.01.25 23:06:36,5012.393,5012.553,0
2026.01.25 23:06:36,5012.482,5012.642,0
2026.01.25 23:06:36,5012.665,5012.825,0
2026.01.25 23:06:36,5012.699,5012.859,0
2026.01.25 23:06:36,5012.831,5012.991,0
2026.01.25 23:06:36,5012.907,5013.067,0
2026.01.25 23:06:36,5012.985,5013.145,0
2026.01.25 23:06:36,5013.013,5013.173,0
2026.01.25 23:06:36,5013.038,5013.198,0
2026.01.25 23:06:36,5013.100,5013.260,0
2026.01.25 23:06:36,5013.126,5013.286,0
2026.01.25 23:06:36,5013.180,5013.340,0
2026.01.25 23:06:36,5013.141,5013.301,0
2026.01.25 23:06:36,5013.018,5013.178,0
2026.01.25 23:06:36,5012.972,5013.132,0
2026.01.25 23:06:36,5012.831,5012.991,0
2026.01.25 23:06:36,5012.772,5012.932,0
2026.01.25 23:06:36,5012.854,5013.014,0
2026.01.25 23:06:36,5012.902,5013.062,0
2026.01.25 23:06:36,5012.875,5013.035,0
2026.01.25 23:06:36,5012.951,5013.111,0
2026.01.25 23:06:36,5012.907,5013.067,0
2026.01.25 23:06:36,5012.875,5013.035,0
2026.01.25 23:06:36,5012.823,5012.983,0
2026.01.25 23:06:36,5012.755,5012.915,0
2026.01.25 23:06:37,5012.641,5012.801,0
2026.01.25 23:06:37,5012.565,5012.725,0
2026.01.25 23:06:37,5012.540,5012.700,0
2026.01.25 23:06:37,5012.581,5012.741,0
2026.01.25 23:06:37,5012.716,5012.876,0
2026.01.25 23:06:37,5012.801,5012.961,0
2026.01.25 23:06:37,5012.834,5012.994,0
2026.01.25 23:06:37,5012.779,5012.939,0
2026.01.25 23:06:37,5012.738,5012.898,0
2026.01.25 23:06:37,5012.687,5012.847,0
2026.01.25 23:06:37,5012.602,5012.762,0
2026.01.25 23:06:37,5012.546,5012.706,0
2026.01.25 23:06:38,5012.599,5012.759,0
2026.01.25 23:06:38,5012.641,5012.801,0
2026.01.25 23:06:38,5012.683,5012.843,0
2026.01.25 23:06:38,5012.717,5012.877,0
2026.01.25 23:06:38,5012.757,5012.917,0
2026.01.25 23:06:38,5012.800,5012.960,0
2026.01.25 23:06:38,5012.841,5013.001,0
2026.01.25 23:06:38,5012.872,5013.032,0
2026.01.25 23:06:38,5012.822,5012.982,0
2026.01.25 23:06:38,5012.855,5013.015,0
2026.01.25 23:06:38,5012.902,5013.062,0
2026.01.25 23:06:38,5012.842,5013.002,0
2026.01.25 23:06:39,5012.799,5012.959,0
2026.01.25 23:06:39,5012.838,5012.998,0
2026.01.25 23:06:40,5012.846,5013.006,0
2026.01.25 23:06:40,5012.712,5012.872,0
2026.01.25 23:06:40,5012.656,5012.816,0
2026.01.25 23:06:40,5012.623,5012.783,0
2026.01.25 23:06:40,5012.597,5012.757,0
2026.01.25 23:06:41,5012.769,5012.929,0
2026.01.25 23:06:41,5012.869,5013.029,0
2026.01.25 23:06:41,5012.822,5012.982,0
2026.01.25 23:06:41,5012.771,5012.931,0
2026.01.25 23:06:41,5012.712,5012.872,0
2026.01.25 23:06:41,5012.759,5012.919,0
2026.01.25 23:06:41,5012.818,5012.978,0
2026.01.25 23:06:41,5012.853,5013.013,0
2026.01.25 23:06:41,5012.905,5013.065,0
2026.01.25 23:06:41,5012.956,5013.116,0
2026.01.25 23:06:41,5013.026,5013.186,0
2026.01.25 23:06:41,5013.234,5013.394,0
2026.01.25 23:06:41,5013.364,5013.524,0
2026.01.25 23:06:41,5013.570,5013.730,0
2026.01.25 23:06:41,5013.638,5013.798,0
2026.01.25 23:06:41,5013.696,5013.856,0
2026.01.25 23:06:41,5013.667,5013.827,0
2026.01.25 23:06:41,5013.486,5013.646,0
2026.01.25 23:06:41,5013.409,5013.569,0
2026.01.25 23:06:41,5013.468,5013.628,0
2026.01.25 23:06:41,5013.631,5013.791,0
2026.01.25 23:06:41,5013.691,5013.851,0
2026.01.25 23:06:41,5013.721,5013.881,0
2026.01.25 23:06:42,5013.765,5013.925,0
2026.01.25 23:06:42,5013.803,5013.963,0
2026.01.25 23:06:42,5013.760,5013.920,0
2026.01.25 23:06:42,5013.653,5013.813,0
2026.01.25 23:06:42,5013.602,5013.762,0
2026.01.25 23:06:42,5013.445,5013.605,0
2026.01.25 23:06:42,5013.390,5013.550,0
2026.01.25 23:06:42,5013.359,5013.519,0
2026.01.25 23:06:42,5013.423,5013.583,0
2026.01.25 23:06:42,5013.618,5013.778,0
2026.01.25 23:06:42,5013.722,5013.882,0
2026.01.25 23:06:42,5013.750,5013.910,0
2026.01.25 23:06:42,5013.631,5013.791,0
2026.01.25 23:06:42,5013.576,5013.736,0
2026.01.25 23:06:42,5013.698,5013.858,0
2026.01.25 23:06:43,5013.649,5013.809,0
2026.01.25 23:06:43,5013.585,5013.745,0
2026.01.25 23:06:43,5013.543,5013.703,0
2026.01.25 23:06:43,5013.502,5013.662,0
2026.01.25 23:06:43,5013.461,5013.621,0
2026.01.25 23:06:43,5013.433,5013.593,0
2026.01.25 23:06:43,5013.479,5013.639,0
2026.01.25 23:06:43,5013.544,5013.704,0
2026.01.25 23:06:44,5013.584,5013.744,0
2026.01.25 23:06:44,5013.621,5013.781,0
2026.01.25 23:06:44,5013.659,5013.819,0
2026.01.25 23:06:44,5013.702,5013.862,0
2026.01.25 23:06:44,5013.762,5013.922,0
2026.01.25 23:06:44,5013.831,5013.991,0
2026.01.25 23:06:44,5013.890,5014.050,0
2026.01.25 23:06:44,5013.933,5014.093,0
2026.01.25 23:06:44,5013.960,5014.120,0
2026.01.25 23:06:44,5014.021,5014.181,0
2026.01.25 23:06:44,5014.064,5014.224,0
2026.01.25 23:06:44,5014.126,5014.286,0
2026.01.25 23:06:44,5014.154,5014.314,0
2026.01.25 23:06:44,5014.184,5014.344,0
2026.01.25 23:06:44,5014.267,5014.427,0
2026.01.25 23:06:44,5014.339,5014.499,0
2026.01.25 23:06:44,5014.447,5014.607,0
2026.01.25 23:06:44,5014.589,5014.749,0
2026.01.25 23:06:44,5014.649,5014.809,0
2026.01.25 23:06:44,5014.747,5014.907,0
2026.01.25 23:06:44,5014.814,5014.974,0
2026.01.25 23:06:44,5014.858,5015.018,0
2026.01.25 23:06:44,5014.890,5015.050,0
2026.01.25 23:06:44,5014.927,5015.087,0
2026.01.25 23:06:44,5014.993,5015.153,0
2026.01.25 23:06:44,5015.039,5015.199,0
2026.01.25 23:06:44,5015.127,5015.287,0
2026.01.25 23:06:44,5015.177,5015.337,0
2026.01.25 23:06:44,5015.275,5015.435,0
2026.01.25 23:06:44,5015.396,5015.556,0
2026.01.25 23:06:44,5015.565,5015.725,0
2026.01.25 23:06:44,5015.647,5015.807,0
2026.01.25 23:06:44,5015.675,5015.835,0
2026.01.25 23:06:44,5015.707,5015.867,0
2026.01.25 23:06:44,5015.799,5015.959,0
2026.01.25 23:06:44,5015.833,5015.993,0
2026.01.25 23:06:44,5015.801,5015.961,0
2026.01.25 23:06:44,5015.762,5015.922,0
2026.01.25 23:06:44,5015.714,5015.874,0
2026.01.25 23:06:44,5015.643,5015.803,0
2026.01.25 23:06:44,5015.601,5015.761,0
2026.01.25 23:06:44,5015.560,5015.720,0
2026.01.25 23:06:44,5015.475,5015.635,0
2026.01.25 23:06:44,5015.366,5015.526,0
2026.01.25 23:06:44,5015.333,5015.493,0
2026.01.25 23:06:45,5015.203,5015.363,0
2026.01.25 23:06:45,5015.127,5015.287,0
2026.01.25 23:06:45,5015.097,5015.257,0
2026.01.25 23:06:45,5015.147,5015.307,0
2026.01.25 23:06:45,5015.182,5015.342,0
2026.01.25 23:06:45,5015.136,5015.296,0
2026.01.25 23:06:45,5015.046,5015.206,0
2026.01.25 23:06:45,5014.778,5014.938,0
2026.01.25 23:06:45,5014.517,5014.677,0
2026.01.25 23:06:45,5014.476,5014.636,0
2026.01.25 23:06:45,5014.527,5014.687,0
2026.01.25 23:06:45,5014.611,5014.771,0
2026.01.25 23:06:45,5014.584,5014.744,0
2026.01.25 23:06:45,5014.632,5014.792,0
2026.01.25 23:06:45,5014.714,5014.874,0
2026.01.25 23:06:45,5014.891,5015.051,0
2026.01.25 23:06:45,5014.949,5015.109,0
2026.01.25 23:06:45,5014.987,5015.147,0
2026.01.25 23:06:46,5015.067,5015.227,0
2026.01.25 23:06:46,5015.181,5015.341,0
2026.01.25 23:06:46,5015.342,5015.502,0
2026.01.25 23:06:46,5015.599,5015.759,0
2026.01.25 23:06:46,5015.689,5015.849,0
2026.01.25 23:06:46,5015.721,5015.881,0
2026.01.25 23:06:46,5015.677,5015.837,0
2026.01.25 23:06:46,5015.649,5015.809,0
2026.01.25 23:06:46,5015.743,5015.903,0
2026.01.25 23:06:46,5015.822,5015.982,0
2026.01.25 23:06:46,5015.853,5016.013,0
2026.01.25 23:06:46,5015.895,5016.055,0
2026.01.25 23:06:46,5015.940,5016.100,0
2026.01.25 23:06:46,5015.964,5016.124,0
2026.01.25 23:06:46,5016.003,5016.163,0
2026.01.25 23:06:46,5016.038,5016.198,0
2026.01.25 23:06:46,5016.062,5016.222,0
2026.01.25 23:06:46,5016.123,5016.283,0
2026.01.25 23:06:46,5016.192,5016.352,0
2026.01.25 23:06:46,5016.230,5016.390,0
2026.01.25 23:06:46,5016.261,5016.421,0
2026.01.25 23:06:46,5016.292,5016.452,0
2026.01.25 23:06:46,5016.317,5016.477,0
2026.01.25 23:06:46,5016.341,5016.501,0
2026.01.25 23:06:46,5016.300,5016.460,0
2026.01.25 23:06:46,5016.167,5016.327,0
2026.01.25 23:06:46,5016.057,5016.217,0
2026.01.25 23:06:46,5016.012,5016.172,0
2026.01.25 23:06:46,5015.978,5016.138,0
2026.01.25 23:06:47,5016.032,5016.192,0
2026.01.25 23:06:47,5016.072,5016.232,0
2026.01.25 23:06:47,5016.110,5016.270,0
2026.01.25 23:06:47,5016.156,5016.316,0
2026.01.25 23:06:47,5016.105,5016.265,0
2026.01.25 23:06:47,5016.065,5016.225,0
2026.01.25 23:06:47,5016.110,5016.270,0
2026.01.25 23:06:47,5016.170,5016.330,0
2026.01.25 23:06:47,5016.206,5016.366,0
2026.01.25 23:06:47,5016.281,5016.441,0
2026.01.25 23:06:47,5016.322,5016.482,0
2026.01.25 23:06:47,5016.380,5016.540,0
2026.01.25 23:06:47,5016.322,5016.482,0
2026.01.25 23:06:47,5016.277,5016.437,0
2026.01.25 23:06:47,5016.314,5016.474,0
2026.01.25 23:06:47,5016.257,5016.417,0
2026.01.25 23:06:47,5016.184,5016.344,0
2026.01.25 23:06:47,5016.143,5016.303,0
2026.01.25 23:06:47,5016.177,5016.337,0
2026.01.25 23:06:47,5016.035,5016.195,0
2026.01.25 23:06:47,5015.890,5016.050,0
2026.01.25 23:06:47,5015.852,5016.012,0
2026.01.25 23:06:47,5015.829,5015.989,0
2026.01.25 23:06:47,5015.765,5015.925,0
2026.01.25 23:06:47,5015.732,5015.892,0
2026.01.25 23:06:47,5015.677,5015.837,0
2026.01.25 23:06:48,5015.617,5015.777,0
2026.01.25 23:06:48,5015.592,5015.752,0
2026.01.25 23:06:48,5015.514,5015.674,0
2026.01.25 23:06:48,5015.490,5015.650,0
2026.01.25 23:06:48,5015.450,5015.610,0
2026.01.25 23:06:48,5015.425,5015.585,0
2026.01.25 23:06:48,5015.368,5015.528,0
2026.01.25 23:06:48,5015.335,5015.495,0
2026.01.25 23:06:48,5015.272,5015.432,0
2026.01.25 23:06:48,5015.224,5015.384,0
2026.01.25 23:06:48,5015.169,5015.329,0
2026.01.25 23:06:48,5015.144,5015.304,0
2026.01.25 23:06:48,5015.175,5015.335,0
2026.01.25 23:06:48,5015.216,5015.376,0
2026.01.25 23:06:48,5015.265,5015.425,0
2026.01.25 23:06:48,5015.309,5015.469,0
2026.01.25 23:06:48,5015.264,5015.424,0
2026.01.25 23:06:48,5015.223,5015.383,0
2026.01.25 23:06:49,5015.268,5015.428,0
2026.01.25 23:06:49,5015.315,5015.475,0
2026.01.25 23:06:49,5015.448,5015.608,0
2026.01.25 23:06:49,5015.501,5015.661,0
2026.01.25 23:06:50,5015.532,5015.692,0
2026.01.25 23:06:50,5015.569,5015.729,0
2026.01.25 23:06:50,5015.609,5015.769,0
2026.01.25 23:06:50,5015.660,5015.820,0
2026.01.25 23:06:50,5015.716,5015.876,0
2026.01.25 23:06:50,5015.746,5015.906,0
2026.01.25 23:06:50,5015.773,5015.933,0
2026.01.25 23:06:51,5015.798,5015.958,0
2026.01.25 23:06:51,5015.830,5015.990,0
2026.01.25 23:06:51,5015.870,5016.030,0
2026.01.25 23:06:51,5015.906,5016.066,0
2026.01.25 23:06:51,5015.958,5016.118,0
2026.01.25 23:06:51,5016.019,5016.179,0
2026.01.25 23:06:51,5016.055,5016.215,0
2026.01.25 23:06:51,5016.095,5016.255,0
2026.01.25 23:06:51,5016.056,5016.216,0
2026.01.25 23:06:51,5016.008,5016.168,0
2026.01.25 23:06:51,5016.060,5016.220,0
2026.01.25 23:06:51,5016.106,5016.266,0
2026.01.25 23:06:51,5016.132,5016.292,0
2026.01.25 23:06:52,5016.030,5016.190,0
2026.01.25 23:06:52,5015.972,5016.132,0
2026.01.25 23:06:52,5015.921,5016.081,0
2026.01.25 23:06:52,5015.871,5016.031,0
2026.01.25 23:06:52,5015.841,5016.001,0
2026.01.25 23:06:52,5015.800,5015.960,0
2026.01.25 23:06:52,5015.771,5015.931,0
2026.01.25 23:06:53,5015.743,5015.903,0
2026.01.25 23:06:53,5015.688,5015.848,0
2026.01.25 23:06:53,5015.649,5015.809,0
2026.01.25 23:06:53,5015.625,5015.785,0
2026.01.25 23:06:53,5015.592,5015.752,0
2026.01.25 23:06:53,5015.566,5015.726,0
2026.01.25 23:06:53,5015.533,5015.693,0
2026.01.25 23:06:53,5015.507,5015.667,0
2026.01.25 23:06:53,5015.560,5015.720,0
2026.01.25 23:06:53,5015.615,5015.775,0
2026.01.25 23:06:53,5015.663,5015.823,0
2026.01.25 23:06:53,5015.764,5015.924,0
2026.01.25 23:06:53,5015.833,5015.993,0
2026.01.25 23:06:53,5015.893,5016.053,0
2026.01.25 23:06:53,5015.918,5016.078,0
2026.01.25 23:06:53,5015.945,5016.105,0
2026.01.25 23:06:54,5015.842,5016.002,0
2026.01.25 23:06:54,5015.688,5015.848,0
2026.01.25 23:06:54,5015.613,5015.773,0
2026.01.25 23:06:54,5015.581,5015.741,0
2026.01.25 23:06:54,5015.629,5015.789,0
2026.01.25 23:06:54,5015.571,5015.731,0
2026.01.25 23:06:54,5015.630,5015.790,0
2026.01.25 23:06:54,5015.675,5015.835,0
2026.01.25 23:06:54,5015.772,5015.932,0
2026.01.25 23:06:54,5015.819,5015.979,0
2026.01.25 23:06:54,5015.760,5015.920,0
2026.01.25 23:06:54,5015.710,5015.870,0
2026.01.25 23:06:54,5015.619,5015.779,0
2026.01.25 23:06:54,5015.540,5015.700,0
2026.01.25 23:06:54,5015.512,5015.672,0
2026.01.25 23:06:54,5015.453,5015.613,0
2026.01.25 23:06:54,5015.344,5015.504,0
2026.01.25 23:06:54,5015.270,5015.430,0
